% Encoding: UTF-8

%------ Physics --------
%-------------------------------
%-------------------------------
%-------------------------------


@article{hinton_hofmann_overview,
       author = {{Hinton}, J.~A. and {Hofmann}, W.},
        title = "{Teraelectronvolt Astronomy}",
      journal = {Annual Review of Astronomy and Astrophysics},
         year = 2009,
        month = Sep,
       volume = {47},
        pages = {523-565},
          doi = {10.1146/annurev-astro-082708-101816},
archivePrefix = {arXiv},
       eprint = {1006.5210},
 primaryClass = {astro-ph.HE},
       adsurl = {https://ui.adsabs.harvard.edu/#abs/2009ARA&A..47..523H},
      adsnote = {Provided by the SAO/NASA Astrophysics Data System}
}


@article{hess_nytimes,
  author={Breisky, Bill},
  journal = {NY Times},
  year = {2012},
  month = {8},
  url = {https://www.nytimes.com/2012/08/07/science/space/when-victor-hess-discovered-cosmic-rays-in-a-hydrogen-balloon.html},
  subtitle={On Its Centenary, Celebrating a Ride That Advanced Physics},
  title={When Victor Hess Discovered Cosmic Rays in a Hydrogen Baloon},
}

@article{hess_original,
  author         = "Hess, Victor F.",
  title          = "{Über Beobachtungen der durchdringenden Strahlung bei
                    sieben Freiballonfahrten}",
  journal        = "Physikalische Zeitschrift",
  volume         = "13",
  year           = "1912",
  pages          = "1084-1091",
}

@article{crab_chinese,
       author = {{Pankenier}, David W.},
        title = "{Notes on translations of the East Asian records relating to the supernova of AD 1054}",
      journal = {Journal of Astronomical History and Heritage},
     keywords = {Crab Nebula, supernova, SN1054, East Asia, China, Song Dynasty, history of astronomy},
         year = "2006",
        month = 6,
       volume = {9},
        pages = {77-82},
       adsurl = {https://ui.adsabs.harvard.edu/abs/2006JAHH....9...77P},
      adsnote = {Provided by the SAO/NASA Astrophysics Data System}
}


@article{crab_chimera,
  title={The Crab Nebula: an astrophysical chimera},
  author={Hester, J Jeff},
  journal={Annual Reviews in Astronomy and Astrophysics},
  volume={46},
  pages={127--155},
  year={2008},
  publisher={Annual Reviews},
  doi = {10.1146/annurev.astro.45.051806.110608},
}

@article{objects,
       author = {{Morales}, Esteban F.~E. and {Wyrowski}, Friedrich and
         {Schuller}, Frederic and {Menten}, Karl M.},
        title = "{Stellar clusters in the inner Galaxy and their correlation with cold dust emission}",
      journal = {Astronomy \& Astrophysics},
     keywords = {open clusters and associations: general, Galaxy: disk, Galaxy: stellar content, submillimeter: ISM, stars: formation, catalogs, Astrophysics - Astrophysics of Galaxies},
         year = "2013",
        month = {12},
       volume = {560},
        pages = {A76},
          doi = {10.1051/0004-6361/201321626},
archivePrefix = {arXiv},
       eprint = {1310.2612},
 primaryClass = {astro-ph.GA},
       adsurl = {https://ui.adsabs.harvard.edu/abs/2013A&A...560A..76M},
      adsnote = {Provided by the SAO/NASA Astrophysics Data System}
}

@book{chinese_astro,
  title={East-Asian Archaeoastronomy: Historical Records of Astronomical Observations of China, Japan and Korea},
  author={Xu, Zhenoao and Pankenier, W and Jiang, Yaotiao},
  year={2000},
  isbn={978-90-5699-302-3},
  publisher={CRC Press}
}


@book{chinese_history,
  title={Chinese history: a manual},
  author={Wilkinson, Endymion Porter and others},
  year={2015},
  publisher={Harvard Univ Asia Center},
  isbn={978-0-9988883-0-9},
}

@article{fermi_original,
  title = {On the Origin of the Cosmic Radiation},
  author = {Fermi, ENRICO},
  journal = {Phys. Rev.},
  volume = {75},
  issue = {8},
  pages = {1169--1174},
  numpages = {0},
  year = {1949},
  month = Apr,
  publisher = {American Physical Society},
  doi = {10.1103/PhysRev.75.1169},
}

@book{longair,
  title={High-Energy Astrophysics},
  author={Longair, Malcolm S},
  year={2011},
  isbn={978-0-521-75618-1},
  publisher={Cambridge university press}
}



@article{bow_shock,
  author = {Gosling,J. T.  and Asbridge,J. R.  and Bame,S. J.  and Feldman,W. C. },
  title = {Ion acceleration at the earth’s bow shock: A review of observations in the upstream region},
  journal = {AIP Conference Proceedings},
  volume = {56},
  number = {1},
  pages = {81-99},
  year = {1979},
  doi = {10.1063/1.32069},
}



@article{cta:science,
  author = {{The CTA Consortium}},
  journal = {World Scientific},
  month = jan,
  title = {Science with the Cherenkov Telescope Array},
  doi = {10.1142/10986},
  year = {2019},
}

@article{cta_simulation,
      author         = "Acharyya, A. and others",
      title          = "{Monte Carlo studies for the optimisation of the
                        Cherenkov Telescope Array layout}",
      journal        = "Astropart. Phys.",
      volume         = "111",
      year           = "2019",
      pages          = "35-53",
      doi            = "10.1016/j.astropartphys.2019.04.001",
      eprint         = "1904.01426",
      archivePrefix  = "arXiv",
      primaryClass   = "astro-ph.IM",
      SLACcitation   = "%%CITATION = ARXIV:1904.01426;%%"
}



@inproceedings{lst_design,
 author = {Cortina, Juan and Teshima, Masahiro},
 booktitle = {Proceedings of the 34\thraised International Cosmic Ray Conference},
 series = {ICRC 2015},
 doi = {10.22323/1.236.0943},
 pages = {943},
 title = {Status of the Cherenkov Telescope Array Large Size Telescopes},
 year = {2016}
}


@inproceedings{mst_design,
 author = {Garczarczyk, Markus},
 booktitle = {Proceedings of the 34\thraised International Cosmic Ray Conference},
 series = {ICRC 2015},
 doi = {10.22323/1.236.0959},
 pages = {959},
 title = {Status of the Medium-Sized Telescopes for the Cherenkov Telescope Array},
 url = {https://app.dimensions.ai/details/publication/pub.1101666126 and https://pos.sissa.it/236/959/pdf},
 year = {2016}
}




@article{cta_layout,
title = "Monte Carlo performance studies for the site selection of the Cherenkov Telescope Array",
journal = "Astroparticle Physics",
volume = "93",
pages = "76 - 85",
year = "2017",
issn = "0927-6505",
doi = "https://doi.org/10.1016/j.astropartphys.2017.05.001",
author = "T. Hassan and L. Arrabito and K. Bernlöhr and J. Bregeon and J. Cortina and P. Cumani and F. Di Pierro and D. Falceta-Goncalves and R.G. Lang and J. Hinton and T. Jogler and G. Maier and A. Moralejo and A. Morselli and C.J. Todero Peixoto and M. Wood",
keywords = "Monte Carlo simulations, Cherenkov Telescopes, IACT technique, Gamma rays, Cosmic rays",
}

@techreport{baack,
  author = {Baack, Dominik},
  title = {Data Reduction for {CORSIKA}},
  month = {06},
  year = {2016},
  institution = {Astroparticle Department, TU Dortmund}
}


@thesis{ba_lars,
  author = {Möllerherm, Lars},
  title = {Verbesserung der Energieregression bei CTA},
  year = {2018},
  institution = {Astroparticle Department, TU Dortmund},
  type = {Master's Thesis}
}


@phdthesis{sebastian,
      author         = "Mueller, Sebastian Achim",
      title          = "{Cherenkov-Plenoscope}",
      school         = "ETH Zürich",
      doi            = "10.3929/ethz-b-000337911",
      year           = "2019",
}


@article{millikan,
  title = {The Origin of the Cosmic Rays},
  author = {Millikan, R. A. and Cameron, G. H.},
  journal = {Physical Review},
  volume = {32},
  issue = {4},
  pages = {533--557},
  year = {1928},
  month = Oct,
  publisher = {American Physical Society},
  doi = {10.1103/PhysRev.32.533},
}

@article{icecube2018multimessenger,
  title={Multimessenger observations of a flaring blazar coincident with high-energy neutrino IceCube-170922A},
  author={{Aartsen}, M.~G. and others},
  collaboration={Fermi, MAGIC, AGILE, ASAS-SN, HAWC, H.E.S.S., INTEGRAL, Kanata, Kiso, Kapteyn, Liverpool Telescope, Subaru, Swift/NuSTAR, VERITAS, and VLA},
  journal={Science},
  volume={361},
  number={6398},
  pages={eaat1378},
  doi={10.1126/science.aat1378 },
  year={2018},
  publisher={American Association for the Advancement of Science}
}

@inbook{biermann_introduction,
  title={Introduction to cosmic rays},
  author={Biermann, Peter L and Sigl, G{\"u}nter},
  booktitle={Physics and Astrophysics of Ultra-High-Energy Cosmic Rays},
  pages={1--26},
  year={2001},
  publisher={Springer}
}

@article{lefa_kelner_shape,
	doi = {10.1088/0004-637x/753/2/176},
	year = 2012,
	month = jun,
	publisher = {{IOP} Publishing},
	volume = {753},
	number = {2},
	pages = {176},
	author = {E. Lefa and S. R. Kelner and F. A. Aharonian},
	title = {On the spectral shape of radiation due to Inverse Compton Scattering close to the maximum cut-off},
	journal = {Astrophysical Journal},
}

@article{fouka_ic_shape,
	doi = {10.1088/0004-637x/737/2/84},
	year = 2011,
	month = aug,
	publisher = {{IOP} Publishing},
	volume = {737},
	number = {2},
	pages = {84},
	author = {M. Fouka and S. Ouichaoui},
	title = {External Inverse Compton Spectra for Monoenergetic and Blackbody Photon Fields Upscattered by a Power-Law  Electron Distribution With a Finite Energy Range},
	journal = {Astrophysical Journal},
}

@article{blumenthal_gould,
  title = {Bremsstrahlung, Synchrotron Radiation, and Compton Scattering of High-Energy Electrons Traversing Dilute Gases},
  author = {Blumenthal, George R. and Gould, Robert J.},
  journal = {Reviews of Modern Physics},
  volume = {42},
  issue = {2},
  pages = {237--270},
  numpages = {0},
  year = {1970},
  month = Apr,
  publisher = {American Physical Society},
  doi = {10.1103/RevModPhys.42.237},
}


@Inbook{haverkorn_magnetic,
    author="Haverkorn, Marijke",
    title="Magnetic Fields in the Milky Way",
    bookTitle="Magnetic Fields in Diffuse Media",
    year="2015",
    publisher="Springer Berlin Heidelberg",
    pages="483--506",
    isbn="978-3-662-44625-6",
    doi="10.1007/978-3-662-44625-6_17",
}

@book{gaisser,
  title={Cosmic rays and particle physics},
  author={Gaisser, Thomas K and Engel, Ralph and Resconi, Elisa},
  year={2016},
  doi = {10.1017/CBO9781139192194},
  isbn = {978-1-139-19219-4},
  publisher={Cambridge University Press}
}


@article{kampert_cosmic,
       author = {{Kampert}, Karl-Heinz and {Watson}, Alan A.},
        title = {Extensive air showers and ultra high-energy cosmic rays: a historical review},
      journal = {European Physical Journal H},
     keywords = {Physics - History and Philosophy of Physics, Astrophysics - High Energy Astrophysical Phenomena, Astrophysics - Instrumentation and Methods for Astrophysics},
         year = 2012,
        month = Aug,
       volume = {37},
       number = {3},
        pages = {359-412},
          doi = {10.1140/epjh/e2012-30013-x},
archivePrefix = {arXiv},
       eprint = {1207.4827},
}

@book{grieder_air_shower,
       author = {{Grieder}, P.~K.~F.},
        title = "{Extensive Air Showers: High Energy Phenomena and Astrophysical Aspects - A Tutorial, Reference Manual and Data Book}",
         year = 2010,
          doi = {10.1007/978-3-540-76941-5},
       adsurl = {https://ui.adsabs.harvard.edu/abs/2010eash.book.....G},
}
@online{nobel_1958,
  title = {The Nobel Prize in Physics 1958},
  publisher = {Nobel Media Ab 2019},
  url = {http://nobelprize.org/nobel_prizes/physics/laureates/1958/index.html},
  urldate = {2019-05-14},
}

@ARTICLE{whipple_crab,
       author = {{Weekes}, T.~C. and {Cawley}, M.~F. and {Fegan}, D.~J. and
         {Gibbs}, K.~G. and {Hillas}, A.~M. and {Kowk}, P.~W. and {Lamb}, R.~C. and
         {Lewis}, D.~A. and {Macomb}, D. and {Porter}, N.~A. and
         {Reynolds}, P.~T. and {Vacanti}, G.},
        title = "{Observation of TeV Gamma Rays from the Crab Nebula Using the Atmospheric Cerenkov Imaging Technique}",
      journal = {Astrophysical Journal},
     keywords = {Cerenkov Counters, Crab Nebula, Gamma Ray Astronomy, Imaging Techniques, Pulsars, Azimuth, Electron Energy, Image Processing, Monte Carlo Method, Periodic Variations, Reflectors, Spectral Energy Distribution, Astrophysics, GAMMA RAYS: GENERAL, NEBULAE: Crab Nebula, PULSARS, RADIATION MECHANISMS},
         year = 1989,
        month = Jul,
       volume = {342},
        pages = {379},
          doi = {10.1086/167599},
       adsurl = {https://ui.adsabs.harvard.edu/abs/1989ApJ...342..379W},
      adsnote = {Provided by the SAO/NASA Astrophysics Data System}
}

@inproceedings{hillas,
       author = {{Hillas}, A.~M.},
        title = "{Cerenkov Light Images of EAS Produced by Primary Gamma Rays and by Nuclei}",
      booktitle = {Proceedings of the 19\thraised International Cosmic Ray Conference},
      series = {ICRC 1985},
     keywords = {Cerenkov Radiation, Cosmic Ray Showers, Galactic Nuclei, Gamma Rays, Point Sources, Angular Resolution, Azimuth, Focal Plane Devices, Galactic Radiation, Hadrons, Length, Monte Carlo Method, Pulsars, Simulation, Width, X Ray Binaries, Space Radiation, Cosmic Rays:Detectors, Detectors:Cosmic Rays},
         year = "1985",
        month = Aug,
       volume = {3},
        pages = {445},
       adsurl = {https://ui.adsabs.harvard.edu/abs/1985ICRC....3..445H},
}




@ARTICLE{acceleration_tramacere,
       author = {{Tramacere}, A. and {Massaro}, E. and {Taylor}, A.~M.},
        title = "{Stochastic Acceleration and the Evolution of Spectral Distributions in Synchro-Self-Compton Sources: A Self-consistent Modeling of Blazars' Flares}",
      journal = {Astrophysical Journal},
     keywords = {acceleration of particles, BL Lacertae objects: general, BL Lacertae objects: individual: Mrk 421 Mrk 501 1H 1426+428 1ES 1959+650 Mrk 180 PKS 0548─32, Astrophysics - High Energy Astrophysical Phenomena, Astrophysics - Cosmology and Nongalactic Astrophysics},
         year = "2011",
        month = 10,
       volume = {739},
          eid = {66},
        pages = {66},
          doi = {10.1088/0004-637X/739/2/66},
archivePrefix = {arXiv},
       eprint = {1107.1879},
 primaryClass = {astro-ph.HE},
}

@ARTICLE{massaro_logpar_mrk,
       author = {{Massaro}, E. and {Perri}, M. and {Giommi}, P. and {Nesci}, R.},
        title = "{Log-parabolic spectra and particle acceleration in the BL Lac object Mkn 421: Spectral analysis of the complete BeppoSAX wide band X-ray dataset}",
      journal = {Astronomy \& Astrophysics},
     keywords = {radiation mechanisms: non-thermal, galaxies: active, galaxies: BL Lacertae objects: individual: Mkn 421, X rays: galaxies, Astrophysics},
         year = "2004",
        month = 1,
       volume = {413},
        pages = {489-503},
          doi = {10.1051/0004-6361:20031558},
archivePrefix = {arXiv},
       eprint = {astro-ph/0312260},
 primaryClass = {astro-ph},
}

@ARTICLE{meyer_2010,
       author = {{Meyer}, M. and {Horns}, D. and {Zechlin}, H. S.},
        title = "{The Crab Nebula as a standard candle in very high-energy astrophysics}",
      journal = {Astronomy \& Astrophysics},
         year = "2010",
        month = 11,
       volume = {523},
          eid = {A2},
          doi = {10.1051/0004-6361/201014108},
archivePrefix = {arXiv},
       eprint = {1008.4524},
 primaryClass = {astro-ph.HE},
}

@article{gw2015,
      author         = "Abbott, B. P. and others",
      title          = "{Observation of Gravitational Waves from a Binary Black Hole Merger}",
      collaboration  = "LIGO and Virgo",
      journal        = {Physical Review Letters D.},
      volume         = "116",
      year           = "2016",
      number         = "6",
      pages          = "061102",
      doi            = "10.1103/PhysRevLett.116.061102",
      eprint         = "1602.03837",
      archivePrefix  = "arXiv",
      primaryClass   = "gr-qc",
}


@article{atoyan_crab,
       author = {{Atoyan}, A.~M. and {Aharonian}, F.~A.},
        title = "{On the mechanisms of gamma radiation in the Crab Nebula}",
      journal = {MNRAS},
     keywords = {RADIATION MECHANISMS: NONTHERMAL, ISM: INDIVIDUAL: Crab Nebula, GAMMA-RAYS: THEORY},
         year = "1996",
        month = 1,
       volume = {278},
       number = {2},
        pages = {525-541},
          doi = {10.1093/mnras/278.2.525},
}

@article{iact_bkg,
       author = {{Berge}, D. and {Funk}, S. and {Hinton}, J.},
        title = "{Background modelling in very-high-energy {\ensuremath{\gamma}}-ray astronomy}",
      journal = {Astronomy \& Astrophysics},
         year = "2007",
        month = May,
       volume = {466},
       number = {3},
        pages = {1219-1229},
          doi = {10.1051/0004-6361:20066674},
}

@INPROCEEDINGS{sherpa,
       author = {{Freeman}, Peter and {Doe}, Stephen and {Siemiginowska}, Aneta},
        title = "{Sherpa: a mission-independent data analysis application}",
     keywords = {Astrophysics},
    booktitle = {Astronomical Data Analysis},
         year = "2001",
       series = {Society of Photo-Optical Instrumentation Engineers (SPIE) Conference Series},
       volume = {4477},
        month = Nov,
        pages = {76-87},
          doi = {10.1117/12.447161},
archivePrefix = {arXiv},
       eprint = {astro-ph/0108426},
}

@article{zigurat,
  author = { George   Marsaglia },
  title = {Generating a Variable from the Tail of the Normal Distribution},
  journal = {Technometrics},
  volume = {6},
  number = {1},
  pages = {101-102},
  year  = {1964},
  publisher = {Taylor & Francis},
  doi = {10.1080/00401706.1964.10490150},
}

@book{mackay_inference,
 author = {MacKay, David J. C.},
 title = {Information Theory, Inference \& Learning Algorithms},
 year = {2002},
 isbn = {978-0-521-64298-9},
 publisher = {Cambridge University Press},
 address = {New York, NY, USA},
} 

@inproceedings{domingo_disp,
  title={The DISP analysis method for point-like or extended $\gamma$ source searches/studies with the MAGIC Telescope},
  author={Domingo-Santamar{\i}aa, E and Flixa, J and Scalzottob, V and Wittekc, W and Ricoa, J},
  collaboration  = "MAGIC",
  conference={ICRC 2005},
  booktitle = {Proceedings of the 29\thraised International Cosmic Ray Conference},
}


@ARTICLE{metropolis,
       author = {{Metropolis}, Nicholas and {Rosenbluth}, Arianna W. and
         {Rosenbluth}, Marshall N. and {Teller}, Augusta H. and {Teller}, Edward},
        title = "{Equation of State Calculations by Fast Computing Machines}",
      journal = {Journal of Chemical Physics},
         year = "1953",
        month = Jun,
       volume = {21},
       number = {6},
        pages = {1087-1092},
          doi = {10.1063/1.1699114},
}

@ARTICLE{hastings,
        author = {Hastings, W.K.},
        title = "{Monte Carlo Sampling Methods using Markov Chains and their Applications}",
      journal = {Biometrika},
         year = "1970",
        month = Apr,
       volume = {57},
       number = {1},
        pages = {97-109},
          doi = {10.1093/biomet/57.1.97},
}


@phdthesis{king,
    title    = {Hochenergetische Gammastrahlung aus dem Galaktischen Zentrum},
    school   = {Ruprecht-Karls-Universität Heidelberg},
    author   = {King, Johannes},
    year     = {2018},
}


@article{funk_gamma,
       author = {{Funk}, Stefan},
        title = "{Ground- and Space-Based Gamma-Ray Astronomy}",
      journal = {Annual Review of Nuclear and Particle Science},
     keywords = {Astrophysics - High Energy Astrophysical Phenomena},
         year = "2015",
        month = 10,
       volume = {65},
        pages = {245-277},
          doi = {10.1146/annurev-nucl-102014-022036},
}

@ARTICLE{kardashev,
       author = {{Kardashev}, N.~S.},
        title = "{Nonstationarity of Spectra of Young Sources of Nonthermal Radio Emission}",
      journal = {Soviet Astronomy},
         year = "1962",
        month = {12},
       volume = {6},
        pages = {317},
}

@article{joint_crab,
       author = {{Nigro}, C. and {Deil}, C. and {Zanin}, R. and {Hassan}, T. and
         {King}, J. and {Ruiz}, J.~E. and {Saha}, L. and {Terrier}, R. and
         {Br{\"u}gge}, K. and {N{\"o}the}, M. and {Bird}, R. and
         {Lin}, T.~T.~Y. and {Aleksi{\'c}}, J. and {Boisson}, C. and
         {Contreras}, J.~L. and {Donath}, A. and {Jouvin}, L. and
         {Kelley-Hoskins}, N. and {Khelifi}, B. and {Kosack}, K. and {Rico}, J. and
         {Sinha}, A.},
        title = "{Towards open and reproducible multi-instrument analysis in gamma-ray astronomy}",
      journal = {Astronomy \& Astrophysics},
     keywords = {methods: data analysis, gamma rays: general, Astrophysics - High Energy Astrophysical Phenomena, Astrophysics - Instrumentation and Methods for Astrophysics},
         year = "2019",
        month = May,
       volume = {625},
          doi = {10.1051/0004-6361/201834938},
archivePrefix = {arXiv},
       eprint = {1903.06621},
 primaryClass = {astro-ph.HE},
}


@article{hawc,
       author = {{Abeysekara}, A.~U. and {Albert}, A. and {Alfaro}, R. and {Alvarez}, C. and
         {{\'A}lvarez}, J.~D. and {Arceo}, R. and
         {Arteaga-Vel{\'a}zquez}, J.~C. and {Ayala Solares}, H.~A. and
         {Barber}, A.~S. and {Baughman}, B. and {Bautista-Elivar}, N. and
         {Becerra Gonzalez}, J. and {Becerril}, A. and {Belmont-Moreno}, E. and
         {BenZvi}, S.~Y. and {Berley}, D. and {Bernal}, A. and {Braun}, J. and
         {Brisbois}, C. and {Caballero-Mora}, K.~S. and {Capistr{\'a}n}, T. and
         {Carrami{\~n}ana}, A. and {Casanova}, S. and {Castillo}, M. and
         {Cotti}, U. and {Cotzomi}, J. and {Couti{\~n}o de Le{\'o}n}, S. and
         {de la Fuente}, E. and {De Le{\'o}n}, C. and {Diaz Hernandez}, R. and
         {Dingus}, B.~L. and {DuVernois}, M.~A. and
         {D{\'\i}az-V{\'e}lez}, J.~C. and {Ellsworth}, R.~W. and {Engel}, K. and
         {Fiorino}, D.~W. and {Fraija}, N. and
         {Garc{\'\i}a-Gonz{\'a}lez}, J.~A. and {Garfias}, F. and {Gerhardt}, M. and
         {Gonz{\'a}lez Mu{\~n}oz}, A. and {Gonz{\'a}lez}, M.~M. and
         {Goodman}, J.~A. and {Hampel-Arias}, Z. and {Harding}, J.~P. and {Hernand
        ez}, S. and {Hernandez-Almada}, A. and {Hinton}, J. and {Hui}, C.~M. and
         {H{\"u}ntemeyer}, P. and {Iriarte}, A. and {Jardin-Blicq}, A. and
         {Joshi}, V. and {Kaufmann}, S. and {Kieda}, D. and {Lara}, A. and
         {Lauer}, R.~J. and {Lee}, W.~H. and {Lennarz}, D. and
         {Le{\'o}n Vargas}, H. and {Linnemann}, J.~T. and {Longinotti}, A.~L. and
         {Raya}, G. Luis and {Luna-Garc{\'\i}a}, R. and {L{\'o}pez-Coto}, R. and
         {Malone}, K. and {Marinelli}, S.~S. and {Martinez}, O. and
         {Martinez-Castellanos}, I. and {Mart{\'\i}nez-Castro}, J. and
         {Mart{\'\i}nez-Huerta}, H. and {Matthews}, J.~A. and {Mirand
        a-Romagnoli}, P. and {Moreno}, E. and {Mostaf{\'a}}, M. and
         {Nellen}, L. and {Newbold}, M. and {Nisa}, M.~U. and
         {Noriega-Papaqui}, R. and {Pelayo}, R. and {Pretz}, J. and
         {P{\'e}rez-P{\'e}rez}, E.~G. and {Ren}, Z. and {Rho}, C.~D. and
         {Rivi{\`e}re}, C. and {Rosa-Gonz{\'a}lez}, D. and {Rosenberg}, M. and
         {Ruiz-Velasco}, E. and {Salazar}, H. and {Salesa Greus}, F. and {Sand
        oval}, A. and {Schneider}, M. and {Schoorlemmer}, H. and {Sinnis}, G. and
         {Smith}, A.~J. and {Springer}, R.~W. and {Surajbali}, P. and
         {Taboada}, I. and {Tibolla}, O. and {Tollefson}, K. and {Torres}, I. and
         {Ukwatta}, T.~N. and {Vianello}, G. and {Villase{\~n}or}, L. and
         {Weisgarber}, T. and {Westerhoff}, S. and {Wisher}, I.~G. and
         {Wood}, J. and {Yapici}, T. and {Younk}, P.~W. and {Zepeda}, A. and
         {Zhou}, H.},
        title = "{The 2HWC HAWC Observatory Gamma-Ray Catalog}",
      journal = {Astrophysical Journal},
     keywords = {catalogs, gamma rays: general, surveys, Astrophysics - High Energy Astrophysical Phenomena},
         year = "2017",
        month = Jul,
       volume = {843},
       number = {1},
          eid = {40},
        pages = {40},
          doi = {10.3847/1538-4357/aa7556},
archivePrefix = {arXiv},
       eprint = {1702.02992},
 primaryClass = {astro-ph.HE},
       adsurl = {https://ui.adsabs.harvard.edu/abs/2017ApJ...843...40A},
      adsnote = {Provided by the SAO/NASA Astrophysics Data System}
}





%------------------------
%-------- TELESCOPES -------
%-----------------------

@ARTICLE{magic,
       author = {{Aleksi{\'c}}, J. and {Ansoldi}, S. and {Antonelli}, L.~A. and
         {Antoranz}, P. and {Babic}, A. and {Bangale}, P. and {Barcel{\'o}}, M. and
         {Barrio}, J.~A. and {Becerra Gonz{\'a}lez}, J. and {Bednarek}, W. and
         {Bernardini}, E. and {Biasuzzi}, B. and {Biland}, A. and {Bitossi}, M. and
         {Blanch}, O. and {Bonnefoy}, S. and {Bonnoli}, G. and {Borracci}, F. and
         {Bretz}, T. and {Carmona}, E. and {Carosi}, A. and {Cecchi}, R. and
         {Colin}, P. and {Colombo}, E. and {Contreras}, J.~L. and {Corti}, D. and
         {Cortina}, J. and {Covino}, S. and {Da Vela}, P. and {Dazzi}, F. and
         {DeAngelis}, A. and {De Caneva}, G. and {De Lotto}, B. and
         {de O{\~n}a Wilhelmi}, E. and {Delgado Mendez}, C. and {Dettlaff}, A. and
         {Dominis Prester}, D. and {Dorner}, D. and {Doro}, M. and
         {Einecke}, S. and {Eisenacher}, D. and {Elsaesser}, D. and
         {Fidalgo}, D. and {Fink}, D. and {Fonseca}, M.~V. and {Font}, L. and
         {Frantzen}, K. and {Fruck}, C. and {Galindo}, D. and
         {Garc{\'\i}a L{\'o}pez}, R.~J. and {Garczarczyk}, M. and
         {Garrido Terrats}, D. and {Gaug}, M. and {Giavitto}, G. and
         {Godinovi{\'c}}, N. and {Gonz{\'a}lez Mu{\~n}oz}, A. and
         {Gozzini}, S.~R. and {Haberer}, W. and {Hadasch}, D. and
         {Hanabata}, Y. and {Hayashida}, M. and {Herrera}, J. and {Hildebrand
        }, D. and {Hose}, J. and {Hrupec}, D. and {Idec}, W. and {Illa}, J.~M. and
         {Kadenius}, V. and {Kellermann}, H. and {Knoetig}, M.~L. and
         {Kodani}, K. and {Konno}, Y. and {Krause}, J. and {Kubo}, H. and
         {Kushida}, J. and {La Barbera}, A. and {Lelas}, D. and {Lemus}, J.~L. and
         {Lewandowska}, N. and {Lindfors}, E. and {Lombardi}, S. and
         {Longo}, F. and {L{\'o}pez}, M. and {L{\'o}pez-Coto}, R. and
         {L{\'o}pez-Oramas}, A. and {Lorca}, A. and {Lorenz}, E. and
         {Lozano}, I. and {Makariev}, M. and {Mallot}, K. and {Maneva}, G. and
         {Mankuzhiyil}, N. and {Mannheim}, K. and {Maraschi}, L. and
         {Marcote}, B. and {Mariotti}, M. and {Mart{\'\i}nez}, M. and
         {Mazin}, D. and {Menzel}, U. and {Miranda}, J.~M. and {Mirzoyan}, R. and
         {Moralejo}, A. and {Munar-Adrover}, P. and {Nakajima}, D. and
         {Negrello}, M. and {Neustroev}, V. and {Niedzwiecki}, A. and
         {Nilsson}, K. and {Nishijima}, K. and {Noda}, K. and {Orito}, R. and
         {Overkemping}, A. and {Paiano}, S. and {Palatiello}, M. and
         {Paneque}, D. and {Paoletti}, R. and {Paredes}, J.~M. and
         {Paredes-Fortuny}, X. and {Persic}, M. and {Poutanen}, J. and
         {Prada Moroni}, P.~G. and {Prandini}, E. and {Puljak}, I. and
         {Reinthal}, R. and {Rhode}, W. and {Rib{\'o}}, M. and {Rico}, J. and
         {Rodriguez Garcia}, J. and {R{\"u}gamer}, S. and {Saito}, T. and
         {Saito}, K. and {Satalecka}, K. and {Scalzotto}, V. and {Scapin}, V. and
         {Schultz}, C. and {Schlammer}, J. and {Schmidl}, S. and
         {Schweizer}, T. and {Sillanp{\"a}{\"a}}, A. and {Sitarek}, J. and
         {Snidaric}, I. and {Sobczynska}, D. and {Spanier}, F. and
         {Stamerra}, A. and {Steinbring}, T. and {Storz}, J. and {Strzys}, M. and
         {Takalo}, L. and {Takami}, H. and {Tavecchio}, F. and {Tejedor}, L.~A. and
         {Temnikov}, P. and {Terzi{\'c}}, T. and {Tescaro}, D. and
         {Teshima}, M. and {Thaele}, J. and {Tibolla}, O. and {Torres}, D.~F. and
         {Toyama}, T. and {Treves}, A. and {Vogler}, P. and {Wetteskind}, H. and
         {Will}, M. and {Zanin}, R.},
        title = "{The major upgrade of the MAGIC telescopes, Part I: The hardware improvements and the commissioning of the system}",
      journal = {Astroparticle Physics},
     keywords = {MAGIC, Imaging Atmospheric Cherenkov Telescopes, Instruments, TeV astrophysics, Very High Energy Gamma Rays, Astrophysics - Instrumentation and Methods for Astrophysics},
         year = "2016",
        month = Jan,
        collaboration  = "MAGIC",
       volume = {72},
        pages = {61-75},
          doi = {10.1016/j.astropartphys.2015.04.004},
archivePrefix = {arXiv},
       eprint = {1409.6073},
 primaryClass = {astro-ph.IM},
}

@article{fact_robotic,
       author = {{N{\"o}the}, Maximilian and {Neise}, Dominik and
         {Mueller}, Sebastian Achim},
         collaboration = {FACT},
        title = "{Towards Robotic Operation with the First G-APD Cherenkov Telescope}",
      journal = {arXiv e-prints},
     keywords = {Astrophysics - Instrumentation and Methods for Astrophysics},
         year = "2018",
        month = Jun,
archivePrefix = {arXiv},
       eprint = {1806.01542},
 primaryClass = {astro-ph.IM},
}



@ARTICLE{veritas,
       author = {{Holder}, J. and {Atkins}, R.~W. and {Badran}, H.~M. and {Blaylock}, G. and
         {Bradbury}, S.~M. and {Buckley}, J.~H. and {Byrum}, K.~L. and
         {Carter-Lewis}, D.~A. and {Celik}, O. and {Chow}, Y.~C.~K. and
         {Cogan}, P. and {Cui}, W. and {Daniel}, M.~K. and
         {de la Calle Perez}, I. and {Dowdall}, C. and {Dowkontt}, P. and
         {Duke}, C. and {Falcone}, A.~D. and {Fegan}, S.~J. and {Finley}, J.~P. and
         {Fortin}, P. and {Fortson}, L.~F. and {Gibbs}, K. and {Gillanders}, G. and
         {Glidewell}, O.~J. and {Grube}, J. and {Gutierrez}, K.~J. and
         {Gyuk}, G. and {Hall}, J. and {Hanna}, D. and {Hays}, E. and
         {Horan}, D. and {Hughes}, S.~B. and {Humensky}, T.~B. and {Imran}, A. and
         {Jung}, I. and {Kaaret}, P. and {Kenny}, G.~E. and {Kieda}, D. and
         {Kildea}, J. and {Knapp}, J. and {Krawczynski}, H. and {Krennrich}, F. and
         {Lang}, M.~J. and {LeBohec}, S. and {Linton}, E. and {Little}, E.~K. and
         {Maier}, G. and {Manseri}, H. and {Milovanovic}, A. and {Moriarty}, P. and
         {Mukherjee}, R. and {Ogden}, P.~A. and {Ong}, R.~A. and {Petry}, D. and
         {Perkins}, J.~S. and {Pizlo}, F. and {Pohl}, M. and {Quinn}, J. and
         {Ragan}, K. and {Reynolds}, P.~T. and {Roache}, E.~T. and
         {Rose}, H.~J. and {Schroedter}, M. and {Sembroski}, G.~H. and
         {Sleege}, G. and {Steele}, D. and {Swordy}, S.~P. and {Syson}, A. and
         {Toner}, J.~A. and {Valcarcel}, L. and {Vassiliev}, V.~V. and
         {Wakely}, S.~P. and {Weekes}, T.~C. and {White}, R.~J. and
         {Williams}, D.~A. and {Wagner}, R.},
        title = "{The first VERITAS telescope}",
      journal = {Astroparticle Physics},
         year = "2006",
        month = Jul,
       volume = {25},
       number = {6},
        pages = {391-401},
          doi = {10.1016/j.astropartphys.2006.04.002},
archivePrefix = {arXiv},
       eprint = {astro-ph/0604119},
 primaryClass = {astro-ph},
}

@article{fact,
	doi = {10.1088/1748-0221/8/06/p06008},
  collaboration = {FACT},
	year = 2013,
	month = jun,
	publisher = {{IOP} Publishing},
	volume = {8},
	number = {06},
	pages = {P06008--P06008},
	author = {H Anderhub and M Backes and A Biland and V Boccone and I Braun and T Bretz and J Bu{\ss} and F Cadoux and V Commichau and L Djambazov and D Dorner and S Einecke and D Eisenacher and A Gendotti and O Grimm and H von Gunten and C Haller and D Hildebrand and U Horisberger and B Huber and K -S Kim and M L Knoetig and J -H Köhne and T Krähenbühl and B Krumm and M Lee and E Lorenz and W Lustermann and E Lyard and K Mannheim and M Meharga and K Meier and T Montaruli and D Neise and F Nessi-Tedaldi and A -K Overkemping and A Paravac and F Pauss and D Renker and W Rhode and M Ribordy and U Röser and J -P Stucki and J Schneider and T Steinbring and F Temme and J Thaele and S Tobler and G Viertel and P Vogler and R Walter and K Warda and Q Weitzel and M Zänglein},
	title = {Design and operation of {FACT} {\textendash} the first G-{APD} Cherenkov telescope},
	journal = {Journal of Instrumentation},
}

@ARTICLE{hess,
       author = {{Hinton}, J.~A. and {the HESS Collaboration}},
        title = "{The status of the HESS project}",
      journal = {New Astronomy Reviews},
     keywords = {Astrophysics},
         year = "2004",
        month = Apr,
       volume = {48},
       number = {5-6},
        pages = {331-337},
          doi = {10.1016/j.newar.2003.12.004},
archivePrefix = {arXiv},
       eprint = {astro-ph/0403052},
 primaryClass = {astro-ph},
       adsurl = {https://ui.adsabs.harvard.edu/abs/2004NewAR..48..331H},
      adsnote = {Provided by the SAO/NASA Astrophysics Data System}
}

@article{hegra,
author = {Daum, A and Hermann, G and Heß, M and Hofmann, W and Lampeitl, H and Pühlhofer, G and Aharonian, F and Akhperjanian, A.G. and Barrio, Juan Abel and Beglarian, Armen and Bernlöhr, K and Beteta, J.J.G. and Bradbury, S.M. and Contreras González, José and Cortina, Juan and Deckers, T and Feigl, E and Fernandez, Jairo and Fonseca, M.V. and Wirth, H},
  year = {1998},
  month = {06},
  pages = {1-11},
  title = {First results on the performance of the HEGRA IACT array},
  volume = {8},
  journal = {Astroparticle Physics},
  doi = {10.1016/S0927-6505(97)00031-5}
}





%------------------------
%------------ DATA -------
%-----------------------

@article{buehler-crab-data,
	doi = {10.1088/0034-4885/77/6/066901},
	year = 2014,
	month = jun,
	publisher = {{IOP} Publishing},
	volume = {77},
	number = {6},
	pages = {066901},
	author = {R Bühler and R Blandford},
	title = {The surprising Crab pulsar and its nebula: a review},
	journal = {Reports on Progress in Physics},
}

@article{comptel-crab-data,
       author = {{Kuiper}, L. and {Hermsen}, W. and {Cusumano}, G. and {Diehl}, R. and
         {Sch{\"o}nfelder}, V. and {Strong}, A. and {Bennett}, K. and
         {McConnell}, M.~L.},
        title = "{The Crab pulsar in the 0.75-30 MeV range as seen by CGRO COMPTEL. A coherent high-energy picture from soft X-rays up to high-energy gamma-rays}",
      journal = {Astronomy \& Astrophysics},
         year = "2001",
        month = 11,
       volume = {378},
        pages = {918-935},
          doi = {10.1051/0004-6361:20011256},
archivePrefix = {arXiv},
       eprint = {astro-ph/0109200},
 primaryClass = {astro-ph},
       adsurl = {https://ui.adsabs.harvard.edu/abs/2001A&A...378..918K},
      adsnote = {Provided by the SAO/NASA Astrophysics Data System}
}



@article{integral-crab-data,
	doi = {10.1088/0004-637x/704/1/17},
	year = 2009,
	month = sep,
	publisher = {{IOP} Publishing},
	volume = {704},
	number = {1},
	pages = {17--24},
	author = {E. Jourdain and J. P. Roques},
  title = {The High-Energy Emission of the Crab Nebula From 20 keV to 6 MeV with INTEGRAL SPI},
	journal = {The Astrophysical Journal},
}

@ARTICLE{hess-crab-data,
       author = {{Aharonian}, F. and {Akhperjanian}, A.~G. and {Bazer-Bachi}, A.~R. and
         {Beilicke}, M. and {Benbow}, W. and {Berge}, D. and {Bernl{\"o}hr}, K. and
         {Boisson}, C. and {Bolz}, O. and {Borrel}, V. and {Braun}, I. and
         {Breitling}, F. and {Brown}, A.~M. and {B{\"u}hler}, R. and
         {B{\"u}sching}, I. and {Carrigan}, S. and {Chadwick}, P.~M. and
         {Chounet}, L. -M. and {Cornils}, R. and {Costamante}, L. and
         {Degrange}, B. and {Dickinson}, H.~J. and {Djannati-Ata{\"\i}}, A. and
         {O'C. Drury}, L. and {Dubus}, G. and {Egberts}, K. and
         {Emmanoulopoulos}, D. and {Espigat}, P. and {Feinstein}, F. and
         {Ferrero}, E. and {Fiasson}, A. and {Fontaine}, G. and {Funk}, Seb. and
         {Funk}, S. and {Gallant}, Y.~A. and {Giebels}, B. and
         {Glicenstein}, J.~F. and {Goret}, P. and {Hadjichristidis}, C. and
         {Hauser}, D. and {Hauser}, M. and {Heinzelmann}, G. and {Henri}, G. and
         {Hermann}, G. and {Hinton}, J.~A. and {Hofmann}, W. and {Holleran}, M. and
         {Horns}, D. and {Jacholkowska}, A. and {de Jager}, O.~C. and
         {Kh{\'e}lifi}, B. and {Komin}, Nu. and {Konopelko}, A. and
         {Kosack}, K. and {Latham}, I.~J. and {Le Gallou}, R. and
         {Lemi{\`e}re}, A. and {Lemoine-Goumard}, M. and {Lohse}, T. and
         {Martin}, J.~M. and {Martineau-Huynh}, O. and {Marcowith}, A. and
         {Masterson}, C. and {McComb}, T.~J.~L. and {de Naurois}, M. and
         {Nedbal}, D. and {Nolan}, S.~J. and {Noutsos}, A. and {Orford}, K.~J. and
         {Osborne}, J.~L. and {Ouchrif}, M. and {Panter}, M. and
         {Pelletier}, G. and {Pita}, S. and {P{\"u}hlhofer}, G. and {Punch}, M. and
         {Raubenheimer}, B.~C. and {Raue}, M. and {Rayner}, S.~M. and
         {Reimer}, A. and {Reimer}, O. and {Ripken}, J. and {Rob}, L. and {Rolland
        }, L. and {Rowell}, G. and {Sahakian}, V. and {Saug{\'e}}, L. and
         {Schlenker}, S. and {Schlickeiser}, R. and {Schwanke}, U. and
         {Sol}, H. and {Spangler}, D. and {Spanier}, F. and {Steenkamp}, R. and
         {Stegmann}, C. and {Superina}, G. and {Tavernet}, J. -P. and
         {Terrier}, R. and {Th{\'e}oret}, C.~G. and {Tluczykont}, M. and
         {van Eldik}, C. and {Vasileiadis}, G. and {Venter}, C. and
         {Vincent}, P. and {V{\"o}lk}, H.~J. and {Wagner}, S.~J. and {Ward}, M.},
        title = "{Observations of the Crab Nebula with HESS}",
      journal = {Astronomy \& Astrophysics},
     keywords = {gamma rays: observations, ISM: individual objects: Crab, nebula, ISM: supernova remnants, Astrophysics},
         year = "2006",
        month = 10,
       volume = {457},
        pages = {899-915},
          doi = {10.1051/0004-6361:20065351},
archivePrefix = {arXiv},
       eprint = {astro-ph/0607333},
 primaryClass = {astro-ph},
       adsurl = {https://ui.adsabs.harvard.edu/\#abs/2006A&A...457..899A},
      adsnote = {Provided by the SAO/NASA Astrophysics Data System}
}
@article{magic-crab-data,
title = "Measurement of the Crab Nebula spectrum over three decades in energy with the MAGIC telescopes",
journal = "Journal of High Energy Astrophysics",
volume = "5-6",
pages = "30 - 38",
year = "2015",
collaboration  = "MAGIC",
issn = "2214-4048",
doi = "10.1016/j.jheap.2015.01.002",
author = "J. Aleksić and S. Ansoldi and L.A. Antonelli and P. Antoranz and A. Babic and P. Bangale and J.A. Barrio and J. Becerra González and W. Bednarek and E. Bernardini and B. Biasuzzi and A. Biland and O. Blanch and S. Bonnefoy and G. Bonnoli and F. Borracci and T. Bretz and E. Carmona and A. Carosi and P. Colin and E. Colombo and J.L. Contreras and J. Cortina and S. Covino and P. Da Vela and F. Dazzi and A. De Angelis and G. De Caneva and B. De Lotto and E. de Oña Wilhelmi and C. Delgado Mendez and M. Doert and D. Dominis Prester and D. Dorner and M. Doro and S. Einecke and D. Eisenacher and D. Elsaesser and M.V. Fonseca and L. Font and K. Frantzen and C. Fruck and D. Galindo and R.J. García López and M. Garczarczyk and D. Garrido Terrats and M. Gaug and N. Godinović and A. González Muñoz and S.R. Gozzini and D. Hadasch and Y. Hanabata and M. Hayashida and J. Herrera and D. Hildebrand and J. Hose and D. Hrupec and W. Idec and V. Kadenius and H. Kellermann and K. Kodani and Y. Konno and J. Krause and H. Kubo and J. Kushida and A. La Barbera and D. Lelas and N. Lewandowska and E. Lindfors and S. Lombardi and M. López and R. López-Coto and A. López-Oramas and E. Lorenz and I. Lozano and M. Makariev and K. Mallot and G. Maneva and N. Mankuzhiyil and K. Mannheim and L. Maraschi and B. Marcote and M. Mariotti and M. Martínez and D. Mazin and U. Menzel and J.M. Miranda and R. Mirzoyan and A. Moralejo and P. Munar-Adrover and D. Nakajima and A. Niedzwiecki and K. Nilsson and K. Nishijima and K. Noda and N. Nowak and R. Orito and A. Overkemping and S. Paiano and M. Palatiello and D. Paneque and R. Paoletti and J.M. Paredes and X. Paredes-Fortuny and M. Persic and P.G. Prada Moroni and E. Prandini and S. Preziuso and I. Puljak and R. Reinthal and W. Rhode and M. Ribó and J. Rico and J. Rodriguez Garcia and S. Rügamer and A. Saggion and T. Saito and K. Saito and K. Satalecka and V. Scalzotto and V. Scapin and C. Schultz and T. Schweizer and S.N. Shore and A. Sillanpää and J. Sitarek and I. Snidaric and D. Sobczynska and F. Spanier and V. Stamatescu and A. Stamerra and T. Steinbring and J. Storz and M. Strzys and L. Takalo and H. Takami and F. Tavecchio and P. Temnikov and T. Terzić and D. Tescaro and M. Teshima and J. Thaele and O. Tibolla and D.F. Torres and T. Toyama and A. Treves and M. Uellenbeck and P. Vogler and R.M. Wagner and R. Zanin and D. Horns and J. Martín and M. Meyer",
keywords = "Crab Nebula, Pulsar wind nebulae, MAGIC telescopes, Imaging atmospheric Cherenkov telescopes, Very high energy gamma rays",
}


@ARTICLE{hegra-crab-data,
       author = {{Aharonian}, F. and {Akhperjanian}, A. and {Beilicke}, M. and
         {Bernl{\"o}hr}, K. and {B{\"o}rst}, H. -G. and {Bojahr}, H. and
         {Bolz}, O. and {Coarasa}, T. and {Contreras}, J.~L. and {Cortina}, J. and
         {Denninghoff}, S. and {Fonseca}, M.~V. and {Girma}, M. and
         {G{\"o}tting}, N. and {Heinzelmann}, G. and {Hermann}, G. and
         {Heusler}, A. and {Hofmann}, W. and {Horns}, D. and {Jung}, I. and
         {Kankanyan}, R. and {Kestel}, M. and {Kohnle}, A. and {Konopelko}, A. and
         {Kranich}, D. and {Lampeitl}, H. and {Lopez}, M. and {Lorenz}, E. and
         {Lucarelli}, F. and {Mang}, O. and {Mazin}, D. and {Meyer}, H. and
         {Mirzoyan}, R. and {Moralejo}, A. and {O{\~n}a-Wilhelmi}, E. and
         {Panter}, M. and {Plyasheshnikov}, A. and {P{\"u}hlhofer}, G. and
         {de los Reyes}, R. and {Rhode}, W. and {Ripken}, J. and {Rowell}, G. and
         {Sahakian}, V. and {Samorski}, M. and {Schilling}, M. and {Siems}, M. and
         {Sobzynska}, D. and {Stamm}, W. and {Tluczykont}, M. and {Vitale}, V. and
         {V{\"o}lk}, H.~J. and {Wiedner}, C.~A. and {Wittek}, W.},
        title = "{The Crab Nebula and Pulsar between 500 GeV and 80 TeV: Observations with the HEGRA Stereoscopic Air Cerenkov Telescopes}",
      journal = {Astrophysical Journal},
     keywords = {Acceleration of Particles, Gamma Rays: Observations, Gamma Rays: Theory, ISM: Individual: Name: Crab Nebula, pulsars: individual (Crab pulsar), Astrophysics},
         year = "2004",
        month = 10,
       volume = {614},
        pages = {897-913},
          doi = {10.1086/423931},
archivePrefix = {arXiv},
       eprint = {astro-ph/0407118},
 primaryClass = {astro-ph},
       adsurl = {https://ui.adsabs.harvard.edu/\#abs/2004ApJ...614..897A},
      adsnote = {Provided by the SAO/NASA Astrophysics Data System}
}


@ARTICLE{fermi-crab-data,
       author = {{Abdo}, A.~A. and {Ackermann}, M. and {Ajello}, M. and {Atwood}, W.~B. and
         {Axelsson}, M. and {Baldini}, L. and {Ballet}, J. and
         {Barbiellini}, G. and {Baring}, M.~G. and {Bastieri}, D. and
         {Bechtol}, K. and {Bellazzini}, R. and {Berenji}, B. and {Bland
        ford}, R.~D. and {Bloom}, E.~D. and {Bonamente}, E. and {Borgland
        }, A.~W. and {Bregeon}, J. and {Brez}, A. and {Brigida}, M. and
         {Bruel}, P. and {Burnett}, T.~H. and {Caliandro}, G.~A. and
         {Cameron}, R.~A. and {Camilo}, F. and {Caraveo}, P.~A. and {Casand
        jian}, J.~M. and {Cecchi}, C. and {{\c{C}}elik}, {\"O}. and
         {Chekhtman}, A. and {Cheung}, C.~C. and {Chiang}, J. and {Ciprini}, S. and
         {Claus}, R. and {Cognard}, I. and {Cohen-Tanugi}, J. and
         {Cominsky}, L.~R. and {Conrad}, J. and {Dermer}, C.~D. and
         {de Angelis}, A. and {de Luca}, A. and {de Palma}, F. and
         {Digel}, S.~W. and {Silva}, E. do Couto e. and {Drell}, P.~S. and
         {Dubois}, R. and {Dumora}, D. and {Espinoza}, C. and {Farnier}, C. and
         {Favuzzi}, C. and {Fegan}, S.~J. and {Ferrara}, E.~C. and
         {Focke}, W.~B. and {Frailis}, M. and {Freire}, P.~C.~C. and
         {Fukazawa}, Y. and {Funk}, S. and {Fusco}, P. and {Gargano}, F. and
         {Gasparrini}, D. and {Gehrels}, N. and {Germani}, S. and
         {Giavitto}, G. and {Giebels}, B. and {Giglietto}, N. and
         {Giordano}, F. and {Glanzman}, T. and {Godfrey}, G. and
         {Grenier}, I.~A. and {Grondin}, M. -H. and {Grove}, J.~E. and
         {Guillemot}, L. and {Guiriec}, S. and {Hanabata}, Y. and
         {Harding}, A.~K. and {Hayashida}, M. and {Hays}, E. and
         {Hughes}, R.~E. and {J{\'o}hannesson}, G. and {Johnson}, A.~S. and
         {Johnson}, R.~P. and {Johnson}, T.~J. and {Johnson}, W.~N. and
         {Johnston}, S. and {Kamae}, T. and {Katagiri}, H. and {Kataoka}, J. and
         {Kawai}, N. and {Kerr}, M. and {Kn{\"o}dlseder}, J. and
         {Kocian}, M.~L. and {Kramer}, M. and {Kuehn}, F. and {Kuss}, M. and {Land
        e}, J. and {Latronico}, L. and {Lee}, S. -H. and {Lemoine-Goumard}, M. and
         {Longo}, F. and {Loparco}, F. and {Lott}, B. and {Lovellette}, M.~N. and
         {Lubrano}, P. and {Lyne}, A.~G. and {Makeev}, A. and {Marelli}, M. and
         {Mazziotta}, M.~N. and {McEnery}, J.~E. and {Meurer}, C. and
         {Michelson}, P.~F. and {Mitthumsiri}, W. and {Mizuno}, T. and
         {Moiseev}, A.~A. and {Monte}, C. and {Monzani}, M.~E. and
         {Moretti}, E. and {Morselli}, A. and {Moskalenko}, I.~V. and
         {Murgia}, S. and {Nakamori}, T. and {Nolan}, P.~L. and {Norris}, J.~P. and
         {Noutsos}, A. and {Nuss}, E. and {Ohsugi}, T. and {Omodei}, N. and {Orland
        o}, E. and {Ormes}, J.~F. and {Ozaki}, M. and {Paneque}, D. and
         {Panetta}, J.~H. and {Parent}, D. and {Pelassa}, V. and {Pepe}, M. and
         {Pesce-Rollins}, M. and {Pierbattista}, M. and {Piron}, F. and
         {Porter}, T.~A. and {Rain{\`o}}, S. and {Rando}, R. and {Ray}, P.~S. and
         {Razzano}, M. and {Reimer}, A. and {Reimer}, O. and {Reposeur}, T. and
         {Ritz}, S. and {Rochester}, L.~S. and {Rodriguez}, A.~Y. and
         {Romani}, R.~W. and {Roth}, M. and {Ryde}, F. and
         {Sadrozinski}, H.~F. -W. and {Sanchez}, D. and {Sander}, A. and
         {Saz Parkinson}, P.~M. and {Scargle}, J.~D. and {Sgr{\`o}}, C. and
         {Siskind}, E.~J. and {Smith}, D.~A. and {Smith}, P.~D. and {Spand
        re}, G. and {Spinelli}, P. and {Stappers}, B.~W. and {Strickman}, M.~S. and
         {Suson}, D.~J. and {Tajima}, H. and {Takahashi}, H. and {Tanaka}, T. and
         {Thayer}, J.~B. and {Thayer}, J.~G. and {Theureau}, G. and
         {Thompson}, D.~J. and {Thorsett}, S.~E. and {Tibaldo}, L. and
         {Torres}, D.~F. and {Tosti}, G. and {Tramacere}, A. and {Uchiyama}, Y. and
         {Usher}, T.~L. and {Van Etten}, A. and {Vasileiou}, V. and
         {Vilchez}, N. and {Vitale}, V. and {Waite}, A.~P. and {Wallace}, E. and
         {Wang}, P. and {Watters}, K. and {Weltevrede}, P. and {Winer}, B.~L. and
         {Wood}, K.~S. and {Ylinen}, T. and {Ziegler}, M.},
        title = "{Fermi Large Area Telescope Observations of the Crab Pulsar And Nebula}",
      journal = {Astrophysical Journal},
     keywords = {gamma rays: observations, ISM: individual: Crab Nebula, pulsars: individual: Crab, supernova remnants, Astrophysics - High Energy Astrophysical Phenomena},
         year = "2010",
        month = 1,
collaboration = {Fermi},
       volume = {708},
        pages = {1254-1267},
          doi = {10.1088/0004-637X/708/2/1254},
archivePrefix = {arXiv},
       eprint = {0911.2412},
 primaryClass = {astro-ph.HE},
       adsurl = {https://ui.adsabs.harvard.edu/\#abs/2010ApJ...708.1254A},
      adsnote = {Provided by the SAO/NASA Astrophysics Data System}
}


@ARTICLE{hess_gps,
       author = {{H.~E.~S.~S. Collaboration} and {Abdalla}, H. and {Abramowski}, A. and
         {Aharonian}, F. and {Ait Benkhali}, F. and {Ang{\"u}ner}, E.~O. and
         {Arakawa}, M. and {Arrieta}, M. and {Aubert}, P. and {Backes}, M. and
         {Balzer}, A. and {Barnard}, M. and {Becherini}, Y. and
         {Becker Tjus}, J. and {Berge}, D. and {Bernhard}, S. and
         {Bernl{\"o}hr}, K. and {Blackwell}, R. and {B{\"o}ttcher}, M. and
         {Boisson}, C. and {Bolmont}, J. and {Bonnefoy}, S. and {Bordas}, P. and
         {Bregeon}, J. and {Brun}, F. and {Brun}, P. and {Bryan}, M. and
         {B{\"u}chele}, M. and {Bulik}, T. and {Capasso}, M. and {Carrigan}, S. and
         {Caroff}, S. and {Carosi}, A. and {Casanova}, S. and {Cerruti}, M. and
         {Chakraborty}, N. and {Chaves}, R.~C.~G. and {Chen}, A. and
         {Chevalier}, J. and {Colafrancesco}, S. and {Condon}, B. and
         {Conrad}, J. and {Davids}, I.~D. and {Decock}, J. and {Deil}, C. and
         {Devin}, J. and {deWilt}, P. and {Dirson}, L. and
         {Djannati-Ata{\"\i}}, A. and {Domainko}, W. and {Donath}, A. and
         {Drury}, L.~O. 'C. and {Dutson}, K. and {Dyks}, J. and {Edwards}, T. and
         {Egberts}, K. and {Eger}, P. and {Emery}, G. and {Ernenwein}, J. -P. and
         {Eschbach}, S. and {Farnier}, C. and {Fegan}, S. and {Fernand
        es}, M.~V. and {Fiasson}, A. and {Fontaine}, G. and {F{\"o}rster}, A. and
         {Funk}, S. and {F{\"u}{\ss}ling}, M. and {Gabici}, S. and
         {Gallant}, Y.~A. and {Garrigoux}, T. and {Gast}, H. and {Gat{\'e}}, F. and
         {Giavitto}, G. and {Giebels}, B. and {Glawion}, D. and
         {Glicenstein}, J.~F. and {Gottschall}, D. and {Grondin}, M. -H. and
         {Hahn}, J. and {Haupt}, M. and {Hawkes}, J. and {Heinzelmann}, G. and
         {Henri}, G. and {Hermann}, G. and {Hinton}, J.~A. and {Hofmann}, W. and
         {Hoischen}, C. and {Holch}, T.~L. and {Holler}, M. and {Horns}, D. and
         {Ivascenko}, A. and {Iwasaki}, H. and {Jacholkowska}, A. and
         {Jamrozy}, M. and {Jankowsky}, D. and {Jankowsky}, F. and {Jingo}, M. and
         {Jouvin}, L. and {Jung-Richardt}, I. and {Kastendieck}, M.~A. and
         {Katarzy{\'n}ski}, K. and {Katsuragawa}, M. and {Katz}, U. and
         {Kerszberg}, D. and {Khangulyan}, D. and {Kh{\'e}lifi}, B. and
         {King}, J. and {Klepser}, S. and {Klochkov}, D. and {Klu{\'z}niak}, W. and
         {Komin}, Nu. and {Kosack}, K. and {Krakau}, S. and {Kraus}, M. and
         {Kr{\"u}ger}, P.~P. and {Laffon}, H. and {Lamanna}, G. and {Lau}, J. and
         {Lees}, J. -P. and {Lefaucheur}, J. and {Lemi{\`e}re}, A. and
         {Lemoine-Goumard}, M. and {Lenain}, J. -P. and {Leser}, E. and
         {Lohse}, T. and {Lorentz}, M. and {Liu}, R. and {L{\'o}pez-Coto}, R. and
         {Lypova}, I. and {Marandon}, V. and {Malyshev}, D. and {Marcowith}, A. and
         {Mariaud}, C. and {Marx}, R. and {Maurin}, G. and {Maxted}, N. and
         {Mayer}, M. and {Meintjes}, P.~J. and {Meyer}, M. and
         {Mitchell}, A.~M.~W. and {Moderski}, R. and {Mohamed}, M. and
         {Mohrmann}, L. and {Mor{\r{a}}}, K. and {Moulin}, E. and {Murach}, T. and
         {Nakashima}, S. and {de Naurois}, M. and {Ndiyavala}, H. and
         {Niederwanger}, F. and {Niemiec}, J. and {Oakes}, L. and {O'Brien}, P. and
         {Odaka}, H. and {Ohm}, S. and {Ostrowski}, M. and {Oya}, I. and
         {Padovani}, M. and {Panter}, M. and {Parsons}, R.~D. and
         {Paz Arribas}, M. and {Pekeur}, N.~W. and {Pelletier}, G. and
         {Perennes}, C. and {Petrucci}, P. -O. and {Peyaud}, B. and {Piel}, Q. and
         {Pita}, S. and {Poireau}, V. and {Poon}, H. and {Prokhorov}, D. and
         {Prokoph}, H. and {P{\"u}hlhofer}, G. and {Punch}, M. and
         {Quirrenbach}, A. and {Raab}, S. and {Rauth}, R. and {Reimer}, A. and
         {Reimer}, O. and {Renaud}, M. and {de los Reyes}, R. and {Rieger}, F. and
         {Rinchiuso}, L. and {Romoli}, C. and {Rowell}, G. and {Rudak}, B. and
         {Rulten}, C.~B. and {Safi-Harb}, S. and {Sahakian}, V. and {Saito}, S. and
         {Sanchez}, D.~A. and {Santangelo}, A. and {Sasaki}, M. and {Schand
        ri}, M. and {Schlickeiser}, R. and {Sch{\"u}ssler}, F. and {Schulz}, A. and
         {Schwanke}, U. and {Schwemmer}, S. and {Seglar-Arroyo}, M. and
         {Settimo}, M. and {Seyffert}, A.~S. and {Shafi}, N. and {Shilon}, I. and
         {Shiningayamwe}, K. and {Simoni}, R. and {Sol}, H. and {Spanier}, F. and
         {Spir-Jacob}, M. and {Stawarz}, {\L}. and {Steenkamp}, R. and
         {Stegmann}, C. and {Steppa}, C. and {Sushch}, I. and {Takahashi}, T. and
         {Tavernet}, J. -P. and {Tavernier}, T. and {Taylor}, A.~M. and
         {Terrier}, R. and {Tibaldo}, L. and {Tiziani}, D. and {Tluczykont}, M. and
         {Trichard}, C. and {Tsirou}, M. and {Tsuji}, N. and {Tuffs}, R. and
         {Uchiyama}, Y. and {van der Walt}, D.~J. and {van Eldik}, C. and
         {van Rensburg}, C. and {van Soelen}, B. and {Vasileiadis}, G. and
         {Veh}, J. and {Venter}, C. and {Viana}, A. and {Vincent}, P. and
         {Vink}, J. and {Voisin}, F. and {V{\"o}lk}, H.~J. and {Vuillaume}, T. and
         {Wadiasingh}, Z. and {Wagner}, S.~J. and {Wagner}, P. and
         {Wagner}, R.~M. and {White}, R. and {Wierzcholska}, A. and
         {Willmann}, P. and {W{\"o}rnlein}, A. and {Wouters}, D. and {Yang}, R. and
         {Zaborov}, D. and {Zacharias}, M. and {Zanin}, R. and
         {Zdziarski}, A.~A. and {Zech}, A. and {Zefi}, F. and {Ziegler}, A. and
         {Zorn}, J. and {{\.Z}ywucka}, N.},
        title = "{The H.E.S.S. Galactic plane survey}",
      journal = {Astronomy \& Astrophysics},
     keywords = {gamma rays: general, surveys, Galaxy: general, Astrophysics - High Energy Astrophysical Phenomena},
         year = "2018",
        month = 4,
       volume = {612},
          eid = {A1},
        pages = {A1},
          doi = {10.1051/0004-6361/201732098},
archivePrefix = {arXiv},
       eprint = {1804.02432},
 primaryClass = {astro-ph.HE},
       adsurl = {https://ui.adsabs.harvard.edu/\#abs/2018A&A...612A...1H},
      adsnote = {Provided by the SAO/NASA Astrophysics Data System}
}

@ARTICLE{icetop-data,
       author = {{Aartsen}, M.~G. and {Abbasi}, R. and {Abdou}, Y. and {Ackermann}, M. and
         {Adams}, J. and {Aguilar}, J.~A. and {Ahlers}, M. and {Altmann}, D. and
         {Auffenberg}, J. and {Bai}, X. and {Baker}, M. and {Barwick}, S.~W. and
         {Baum}, V. and {Bay}, R. and {Beatty}, J.~J. and {Bechet}, S. and
         {Becker Tjus}, J. and {Becker}, K. -H. and {Benabderrahmane}, M.~L. and
         {BenZvi}, S. and {Berghaus}, P. and {Berley}, D. and {Bernardini}, E. and
         {Bernhard}, A. and {Bertrand}, D. and {Besson}, D.~Z. and {Binder}, G. and
         {Bindig}, D. and {Bissok}, M. and {Blaufuss}, E. and {Blumenthal}, J. and
         {Boersma}, D.~J. and {Bohaichuk}, S. and {Bohm}, C. and {Bose}, D. and
         {B{\"o}ser}, S. and {Botner}, O. and {Brayeur}, L. and {Bretz}, H. -P. and
         {Brown}, A.~M. and {Bruijn}, R. and {Brunner}, J. and {Carson}, M. and
         {Casey}, J. and {Casier}, M. and {Chirkin}, D. and {Christov}, A. and
         {Christy}, B. and {Clark}, K. and {Clevermann}, F. and {Coenders}, S. and
         {Cohen}, S. and {Cowen}, D.~F. and {Cruz Silva}, A.~H. and
         {Danninger}, M. and {Daughhetee}, J. and {Davis}, J.~C. and
         {De Clercq}, C. and {De Ridder}, S. and {Desiati}, P. and
         {de Vries}, K.~D. and {de With}, M. and {DeYoung}, T. and
         {D{\'\i}az-V{\'e}lez}, J.~C. and {Dunkman}, M. and {Eagan}, R. and
         {Eberhardt}, B. and {Eisch}, J. and {Ellsworth}, R.~W. and {Euler}, S. and
         {Evenson}, P.~A. and {Fadiran}, O. and {Fazely}, A.~R. and
         {Fedynitch}, A. and {Feintzeig}, J. and {Feusels}, T. and
         {Filimonov}, K. and {Finley}, C. and {Fischer-Wasels}, T. and
         {Flis}, S. and {Franckowiak}, A. and {Frantzen}, K. and {Fuchs}, T. and
         {Gaisser}, T.~K. and {Gallagher}, J. and {Gerhardt}, L. and
         {Gladstone}, L. and {Gl{\"u}senkamp}, T. and {Goldschmidt}, A. and
         {Golup}, G. and {Gonzalez}, J.~G. and {Goodman}, J.~A. and
         {G{\'o}ra}, D. and {Grandmont}, D.~T. and {Grant}, D. and
         {Gro{\ss}}, A. and {Ha}, C. and {Haj Ismail}, A. and {Hallen}, P. and
         {Hallgren}, A. and {Halzen}, F. and {Hanson}, K. and {Heereman}, D. and
         {Heinen}, D. and {Helbing}, K. and {Hellauer}, R. and {Hickford}, S. and
         {Hill}, G.~C. and {Hoffman}, K.~D. and {Hoffmann}, R. and
         {Homeier}, A. and {Hoshina}, K. and {Huelsnitz}, W. and {Hulth}, P.~O. and
         {Hultqvist}, K. and {Hussain}, S. and {Ishihara}, A. and {Jacobi}, E. and
         {Jacobsen}, J. and {Jagielski}, K. and {Japaridze}, G.~S. and
         {Jero}, K. and {Jlelati}, O. and {Kaminsky}, B. and {Kappes}, A. and
         {Karg}, T. and {Karle}, A. and {Kelley}, J.~L. and {Kiryluk}, J. and
         {Kl{\"a}s}, J. and {Klein}, S.~R. and {K{\"o}hne}, J. -H. and
         {Kohnen}, G. and {Kolanoski}, H. and {K{\"o}pke}, L. and {Kopper}, C. and
         {Kopper}, S. and {Koskinen}, D.~J. and {Kowalski}, M. and
         {Krasberg}, M. and {Krings}, K. and {Kroll}, G. and {Kunnen}, J. and
         {Kurahashi}, N. and {Kuwabara}, T. and {Labare}, M. and {Landsman}, H. and
         {Larson}, M.~J. and {Lesiak-Bzdak}, M. and {Leuermann}, M. and
         {Leute}, J. and {L{\"u}nemann}, J. and {Mac{\'\i}ias}, O. and
         {Madsen}, J. and {Maggi}, G. and {Maruyama}, R. and {Mase}, K. and
         {Matis}, H.~S. and {McNally}, F. and {Meagher}, K. and {Merck}, M. and
         {Meures}, T. and {Miarecki}, S. and {Middell}, E. and {Milke}, N. and
         {Miller}, J. and {Mohrmann}, L. and {Montaruli}, T. and {Morse}, R. and
         {Nahnhauer}, R. and {Naumann}, U. and {Niederhausen}, H. and
         {Nowicki}, S.~C. and {Nygren}, D.~R. and {Obertacke}, A. and
         {Odrowski}, S. and {Olivas}, A. and {Omairat}, A. and
         {O'Murchadha}, A. and {Paul}, L. and {Pepper}, J.~A. and
         {P{\'e}rez de los Heros}, C. and {Pfendner}, C. and {Pieloth}, D. and
         {Pinat}, E. and {Posselt}, J. and {Price}, P.~B. and
         {Przybylski}, G.~T. and {R{\"a}del}, L. and {Rameez}, M. and
         {Rawlins}, K. and {Redl}, P. and {Reimann}, R. and {Resconi}, E. and
         {Rhode}, W. and {Ribordy}, M. and {Richman}, M. and {Riedel}, B. and
         {Rodrigues}, J.~P. and {Rott}, C. and {Ruhe}, T. and {Ruzybayev}, B. and
         {Ryckbosch}, D. and {Saba}, S.~M. and {Salameh}, T. and {Sand
        er}, H. -G. and {Santander}, M. and {Sarkar}, S. and {Schatto}, K. and
         {Scheriau}, F. and {Schmidt}, T. and {Schmitz}, M. and {Schoenen}, S. and
         {Sch{\"o}neberg}, S. and {Sch{\"o}nwald}, A. and {Schukraft}, A. and
         {Schulte}, L. and {Schulz}, O. and {Seckel}, D. and {Sestayo}, Y. and
         {Seunarine}, S. and {Shanidze}, R. and {Sheremata}, C. and
         {Smith}, M.~W.~E. and {Soldin}, D. and {Spiczak}, G.~M. and
         {Spiering}, C. and {Stamatikos}, M. and {Stanev}, T. and {Stasik}, A. and
         {Stezelberger}, T. and {Stokstad}, R.~G. and {St{\"o}{\ss}l}, A. and
         {Strahler}, E.~A. and {Str{\"o}m}, R. and {Sullivan}, G.~W. and
         {Taavola}, H. and {Taboada}, I. and {Tamburro}, A. and {Tepe}, A. and
         {Ter-Antonyan}, S. and {Te{\v{s}}i{\'c}}, G. and {Tilav}, S. and
         {Toale}, P.~A. and {Toscano}, S. and {Unger}, E. and {Usner}, M. and
         {Vallecorsa}, S. and {van Eijndhoven}, N. and {Van Overloop}, A. and
         {van Santen}, J. and {Vehring}, M. and {Voge}, M. and {Vraeghe}, M. and
         {Walck}, C. and {Waldenmaier}, T. and {Wallraff}, M. and {Weaver}, Ch. and
         {Wellons}, M. and {Wendt}, C. and {Westerhoff}, S. and {Whitehorn}, N. and
         {Wiebe}, K. and {Wiebusch}, C.~H. and {Williams}, D.~R. and
         {Wissing}, H. and {Wolf}, M. and {Wood}, T.~R. and {Woschnagg}, K. and
         {Xu}, C. and {Xu}, D.~L. and {Xu}, X.~W. and {Yanez}, J.~P. and
         {Yodh}, G. and {Yoshida}, S. and {Zarzhitsky}, P. and {Ziemann}, J. and
         {Zierke}, S. and {Zoll}, M.},
        title = "{Measurement of the cosmic ray energy spectrum with IceTop-73}",
      journal = {PhysRevD},
     keywords = {98.70.Sa, 95.85.Ry, 96.50.sb, 96.50.sd, Cosmic rays, Neutrino muon pion and other elementary particles, cosmic rays, Composition energy spectra and interactions, Extensive air showers, Astrophysics - High Energy Astrophysical Phenomena},
         year = "2013",
        month = 8,
       volume = {88},
          eid = {042004},
        pages = {042004},
          doi = {10.1103/PhysRevD.88.042004},
collaboration = {IceCube},
archivePrefix = {arXiv},
       eprint = {1307.3795},
 primaryClass = {astro-ph.HE},
       adsurl = {https://ui.adsabs.harvard.edu/\#abs/2013PhRvD..88d2004A},
      adsnote = {Provided by the SAO/NASA Astrophysics Data System}
}



@INPROCEEDINGS{auger-data,
       author = {{Fenu}, F. and {Pierre Auger Collaboration}},
        title = "{The cosmic ray energy spectrum measured using the Pierre Auger Observatory}",
    booktitle = {Proceedings of the 35\thraised International Cosmic Ray Conference},
    series = {ICRC 2017},
         year = "2017",
       volume = {301},
          eid = {486},
        pages = {486},
       adsurl = {https://ui.adsabs.harvard.edu/\#abs/2017ICRC...35..486F},
      adsnote = {Provided by the SAO/NASA Astrophysics Data System}
}




@ARTICLE{hires-data,
       author = {{Abbasi}, R.~U. and {Abu-Zayyad}, T. and {Allen}, M. and {Amman}, J.~F. and
         {Archbold}, G. and {Belov}, K. and {Belz}, J.~W. and {Ben Zvi}, S.~Y. and
         {Bergman}, D.~R. and {Blake}, S.~A. and {Brusova}, O.~A. and
         {Burt}, G.~W. and {Cannon}, C. and {Cao}, Z. and {Connolly}, B.~C. and
         {Deng}, W. and {Fedorova}, Y. and {Finley}, C.~B. and {Gray}, R.~C. and
         {Hanlon}, W.~F. and {Hoffman}, C.~M. and {Holzscheiter}, M.~H. and
         {Hughes}, G. and {H{\"u}ntemeyer}, P. and {Jones}, B.~F. and
         {Jui}, C.~C.~H. and {Kim}, K. and {Kirn}, M.~A. and {Loh}, E.~C. and
         {Maestas}, M.~M. and {Manago}, N. and {Marek}, L.~J. and {Martens}, K. and
         {Matthews}, J.~A.~J. and {Matthews}, J.~N. and {Moore}, S.~A. and
         {O'Neill}, A. and {Painter}, C.~A. and {Perera}, L. and {Reil}, K. and
         {Riehle}, R. and {Roberts}, M. and {Rodriguez}, D. and {Sasaki}, N. and
         {Schnetzer}, S.~R. and {Scott}, L.~M. and {Sinnis}, G. and
         {Smith}, J.~D. and {Sokolsky}, P. and {Song}, C. and {Springer}, R.~W. and
         {Stokes}, B.~T. and {Thomas}, S.~B. and {Thomas}, J.~R. and
         {Thomson}, G.~B. and {Tupa}, D. and {Westerhoff}, S. and
         {Wiencke}, L.~R. and {Zhang}, X. and {Zech}, A.},
        title = "{First Observation of the Greisen-Zatsepin-Kuzmin Suppression}",
      journal = {PRL},
     keywords = {98.70.Sa, 95.85.Ry, 96.50.sb, 96.50.sd, Cosmic rays, Neutrino muon pion and other elementary particles, cosmic rays, Composition energy spectra and interactions, Extensive air showers, Astrophysics},
         year = "2008",
        month = 3,
       volume = {100},
          eid = {101101},
        pages = {101101},
          doi = {10.1103/PhysRevLett.100.101101},
archivePrefix = {arXiv},
       eprint = {astro-ph/0703099},
 primaryClass = {astro-ph},
       adsurl = {https://ui.adsabs.harvard.edu/\#abs/2008PhRvL.100j1101A},
      adsnote = {Provided by the SAO/NASA Astrophysics Data System}
}




@ARTICLE{tibet-data,
       author = {{Amenomori}, M. and {Bi}, X.~J. and {Chen}, D. and {Cui}, S.~W. and
         {Danzengluobu} and {Ding}, L.~K. and {Ding}, X.~H. and {Fan}, C. and
         {Feng}, C.~F. and {Feng}, Zhaoyang and {Feng}, Z.~Y. and {Gao}, X.~Y. and
         {Geng}, Q.~X. and {Guo}, H.~W. and {He}, H.~H. and {He}, M. and
         {Hibino}, K. and {Hotta}, N. and {Hu}, Haibing and {Hu}, H.~B. and
         {Huang}, J. and {Huang}, Q. and {Jia}, H.~Y. and {Kajino}, F. and
         {Kasahara}, K. and {Katayose}, Y. and {Kato}, C. and {Kawata}, K. and
         {Labaciren} and {Le}, G.~M. and {Li}, A.~F. and {Li}, J.~Y. and
         {Lou}, Y. -Q. and {Lu}, H. and {Lu}, S.~L. and {Meng}, X.~R. and
         {Mizutani}, K. and {Mu}, J. and {Munakata}, K. and {Nagai}, A. and
         {Nanjo}, H. and {Nishizawa}, M. and {Ohnishi}, M. and {Ohta}, I. and
         {Onuma}, H. and {Ouchi}, T. and {Ozawa}, S. and {Ren}, J.~R. and
         {Saito}, T. and {Saito}, T.~Y. and {Sakata}, M. and {Sako}, T.~K. and
         {Shibata}, M. and {Shiomi}, A. and {Shirai}, T. and {Sugimoto}, H. and
         {Takita}, M. and {Tan}, Y.~H. and {Tateyama}, N. and {Torii}, S. and
         {Tsuchiya}, H. and {Udo}, S. and {Wang}, B. and {Wang}, H. and
         {Wang}, X. and {Wang}, Y. and {Wang}, Y.~G. and {Wu}, H.~R. and
         {Xue}, L. and {Yamamoto}, Y. and {Yan}, C.~T. and {Yang}, X.~C. and
         {Yasue}, S. and {Ye}, Z.~H. and {Yu}, G.~C. and {Yuan}, A.~F. and
         {Yuda}, T. and {Zhang}, H.~M. and {Zhang}, J.~L. and {Zhang}, N.~J. and
         {Zhang}, X.~Y. and {Zhang}, Y. and {Zhang}, Yi. and {Zhaxisangzhu} and
         {Zhou}, X.~X. and {Tibet AS{\ensuremath{\gamma}} Collaboration}},
        title = "{The All-Particle Spectrum of Primary Cosmic Rays in the Wide Energy Range from {}10$^{14}$ to {}10$^{17}$ eV Observed with the Tibet-III Air-Shower Array}",
      journal = {Astrophysical Journal},
     keywords = {cosmic rays, methods: data analysis, supernovae: general, High Energy Physics - Experiment, Astrophysics},
         year = "2008",
        month = 5,
       volume = {678},
        pages = {1165-1179},
          doi = {10.1086/529514},
archivePrefix = {arXiv},
       eprint = {0801.1803},
 primaryClass = {hep-ex},
       adsurl = {https://ui.adsabs.harvard.edu/\#abs/2008ApJ...678.1165A},
      adsnote = {Provided by the SAO/NASA Astrophysics Data System}
}


@INPROCEEDINGS{kascade-data,
       author = {{Bertaina}, M. and {Apel}, W.~D. and {Arteaga-Vel{\'a}zquez}, J.~C. and
         {Bekk}, K. and {Bl{\"u}mer}, J. and {Bozdog}, H. and {Brancus}, I.~M. and
         {Cantoni}, E. and {Chiavassa}, A. and {Cossavella}, F. and
         {Daumiller}, K. and {de Souza}, V. and {di Pierro}, F. and {Doll}, P. and
         {Engel}, R. and {Fuhrmann}, D. and {Gherghel-Lascu}, A. and
         {Gils}, H.~J. and {Glasstetter}, R. and {Grupen}, C. and {Haungs}, A. and
         {Heck}, D. and {H{\"o}randel}, J.~R. and {Huber}, D. and {Huege}, T. and
         {Kampert}, K. -H. and {Kang}, D. and {Klages}, H.~O. and {Link}, K. and
         {{\L}uczak}, P. and {Mathes}, H.~J. and {Mayer}, H.~J. and {Milke}, J. and
         {Mitrica}, B. and {Morello}, C. and {Oehlschl{\"a}ger}, J. and
         {Ostapchenko}, S. and {Palmieri}, N. and {Pierog}, T. and {Rebel}, H. and
         {Roth}, M. and {Schieler}, H. and {Schoo}, S. and
         {Schr{\"o}der}, F.~G. and {Sima3}, O. and {Toma}, G. and
         {Trinchero}, G.~C. and {Ulrich}, H. and {Weindl}, A. and {Wochele}, J. and
         {Zabierowski}, J. and {KASCADE-Grande Collaboration}},
        title = "{KASCADE-Grande energy spectrum of cosmic rays interpreted with post-LHC hadronic interaction models}",
    booktitle = {Proceedings of the 34\thraised International Cosmic Ray Conference },
    series = {ICRC 2015},
         year = "2015",
       volume = {34},
        month = 7,
          eid = {359},
        pages = {359},
      doi = {10.22323/1.236.0359},
}


%-------------------------------
%-------------------------------
%-------------------------------

@ARTICLE{auger_isotropic,
       author = {{Aab}, A. and {Abreu}, P. and {Aglietta}, M. and {Ahn}, E.~J. and
         {Samarai}, I. Al and {Albuquerque}, I.~F.~M. and {Allekotte}, I. and
         {Allen}, J. and {Allison}, P. and {Almela}, A. and
         {Alvarez Castillo}, J. and {Alvarez-Mu{\~n}iz}, J. and
         {Alves Batista}, R. and {Ambrosio}, M. and {Aminaei}, A. and
         {Anchordoqui}, L. and {Andringa}, S. and {Aramo}, C. and
         {Arqueros}, F. and {Asorey}, H. and {Assis}, P. and {Aublin}, J. and
         {Ave}, M. and {Avenier}, M. and {Avila}, G. and {Badescu}, A.~M. and
         {Barber}, K.~B. and {B{\"a}uml}, J. and {Baus}, C. and {Beatty}, J.~J. and
         {Becker}, K.~H. and {Bellido}, J.~A. and {Berat}, C. and
         {Bertaina}, M.~E. and {Bertou}, X. and {Biermann}, P.~L. and
         {Billoir}, P. and {Blanco}, M. and {Bleve}, C. and {Bl{\"u}mer}, H. and
         {Boh{\'a}{\v{c}}ov{\'a}}, M. and {Boncioli}, D. and {Bonifazi}, C. and
         {Bonino}, R. and {Borodai}, N. and {Brack}, J. and {Brancus}, I. and
         {Brogueira}, P. and {Brown}, W.~C. and {Buchholz}, P. and {Bueno}, A. and
         {Buitink}, S. and {Buscemi}, M. and {Caballero-Mora}, K.~S. and
         {Caccianiga}, B. and {Caccianiga}, L. and {Candusso}, M. and
         {Caramete}, L. and {Caruso}, R. and {Castellina}, A. and {Cataldi}, G. and
         {Cazon}, L. and {Cester}, R. and {Chavez}, A.~G. and {Chiavassa}, A. and
         {Chinellato}, J.~A. and {Chudoba}, J. and {Cilmo}, M. and
         {Clay}, R.~W. and {Cocciolo}, G. and {Colalillo}, R. and {Coleman}, A. and
         {Collica}, L. and {Coluccia}, M.~R. and {Concei{\c{c}}{\~a}o}, R. and
         {Contreras}, F. and {Cooper}, M.~J. and {Cordier}, A. and {Coutu}, S. and
         {Covault}, C.~E. and {Cronin}, J. and {Curutiu}, A. and {Dallier}, R. and
         {Daniel}, B. and {Dasso}, S. and {Daumiller}, K. and {Dawson}, B.~R. and
         {de Almeida}, R.~M. and {De Domenico}, M. and {de Jong}, S.~J. and
         {de Mello Neto}, J.~R.~T. and {De Mitri}, I. and {de Oliveira}, J. and
         {de Souza}, V. and {del Peral}, L. and {Deligny}, O. and
         {Dembinski}, H. and {Dhital}, N. and {Di Giulio}, C. and
         {Di Matteo}, A. and {Diaz}, J.~C. and {D{\'\i}az Castro}, M.~L. and
         {Diogo}, F. and {Dobrigkeit}, C. and {Docters}, W. and
         {D'Olivo}, J.~C. and {Dorofeev}, A. and {Dorosti Hasankiadeh}, Q. and
         {Dova}, M.~T. and {Ebr}, J. and {Engel}, R. and {Erdmann}, M. and
         {Erfani}, M. and {Escobar}, C.~O. and {Espadanal}, J. and
         {Etchegoyen}, A. and {Facal San Luis}, P. and {Falcke}, H. and
         {Fang}, K. and {Farrar}, G. and {Fauth}, A.~C. and {Fazzini}, N. and
         {Ferguson}, A.~P. and {Fernandes}, M. and {Fick}, B. and
         {Figueira}, J.~M. and {Filevich}, A. and {Filip{\v{c}}i{\v{c}}}, A. and
         {Fox}, B.~D. and {Fratu}, O. and {Fr{\"o}hlich}, U. and {Fuchs}, B. and
         {Fuji}, T. and {Gaior}, R. and {Garc{\'\i}a}, B. and
         {Garcia Roca}, S.~T. and {Garcia-Gamez}, D. and {Garcia-Pinto}, D. and
         {Garilli}, G. and {Gascon Bravo}, A. and {Gate}, F. and {Gemmeke}, H. and
         {Ghia}, P.~L. and {Giaccari}, U. and {Giammarchi}, M. and {Giller}, M. and
         {Glaser}, C. and {Glass}, H. and {G{\'o}mez Berisso}, M. and
         {G{\'o}mez Vitale}, P.~F. and {Gon{\c{c}}alves}, P. and
         {Gonzalez}, J.~G. and {Gonz{\'a}lez}, N. and {Gookin}, B. and
         {Gorgi}, A. and {Gorham}, P. and {Gouffon}, P. and {Grebe}, S. and
         {Griffith}, N. and {Grillo}, A.~F. and {Grubb}, T.~D. and
         {Guardincerri}, Y. and {Guarino}, F. and {Guedes}, G.~P. and
         {Hampel}, M.~R. and {Hansen}, P. and {Harari}, D. and
         {Harrison}, T.~A. and {Hartmann}, S. and {Harton}, J.~L. and
         {Haungs}, A. and {Hebbeker}, T. and {Heck}, D. and {Heimann}, P. and
         {Herve}, A.~E. and {Hill}, G.~C. and {Hojvat}, C. and {Hollon}, N. and
         {Holt}, E. and {Homola}, P. and {H{\"o}randel}, J.~R. and
         {Horvath}, P. and {Hrabovsk{\'y}}, M. and {Huber}, D. and {Huege}, T. and
         {Insolia}, A. and {Isar}, P.~G. and {Islo}, K. and {Jandt}, I. and
         {Jansen}, S. and {Jarne}, C. and {Josebachuili}, M. and
         {K{\"a}{\"a}p{\"a}}, A. and {Kambeitz}, O. and {Kampert}, K.~H. and
         {Kasper}, P. and {Katkov}, I. and {K{\'e}gl}, B. and {Keilhauer}, B. and
         {Keivani}, A. and {Kemp}, E. and {Kieckhafer}, R.~M. and
         {Klages}, H.~O. and {Kleifges}, M. and {Kleinfeller}, J. and
         {Krause}, R. and {Krohm}, N. and {Kr{\"o}mer}, O. and
         {Kruppke-Hansen}, D. and {Kuempel}, D. and {Kunka}, N. and
         {La Rosa}, G. and {LaHurd}, D. and {Latronico}, L. and {Lauer}, R. and
         {Lauscher}, M. and {Lautridou}, P. and {Le Coz}, S. and
         {Le{\~a}o}, M.~S.~A.~B. and {Lebrun}, D. and {Lebrun}, P. and
         {Leigui de Oliveira}, M.~A. and {Letessier-Selvon}, A. and
         {Lhenry-Yvon}, I. and {Link}, K. and {L{\'o}pez}, R. and
         {Lopez Ag{\"u}era}, A. and {Louedec}, K. and {Lozano Bahilo}, J. and
         {Lu}, L. and {Lucero}, A. and {Ludwig}, M. and {Maccarone}, M.~C. and
         {Malacari}, M. and {Maldera}, S. and {Mallamaci}, M. and {Maller}, J. and
         {Mandat}, D. and {Mantsch}, P. and {Mariazzi}, A.~G. and {Marin}, V. and
         {Mari{\c{s}}}, I.~C. and {Marsella}, G. and {Martello}, D. and
         {Martin}, L. and {Martinez}, H. and {Mart{\'\i}nez Bravo}, O. and
         {Martraire}, D. and {Mas{\'\i}as Meza}, J.~J. and {Mathes}, H.~J. and
         {Mathys}, S. and {Matthews}, J.~A.~J. and {Matthews}, J. and
         {Matthiae}, G. and {Maurel}, D. and {Maurizio}, D. and {Mayotte}, E. and
         {Mazur}, P.~O. and {Medina}, C. and {Medina-Tanco}, G. and
         {Melissas}, M. and {Melo}, D. and {Menichetti}, E. and {Menshikov}, A. and
         {Messina}, S. and {Meyhandan}, R. and {Mi{\'c}anovi{\'c}}, S. and
         {Micheletti}, M.~I. and {Middendorf}, L. and {Minaya}, I.~A. and
         {Miramonti}, L. and {Mitrica}, B. and {Molina-Bueno}, L. and
         {Mollerach}, S. and {Monasor}, M. and {Monnier Ragaigne}, D. and
         {Montanet}, F. and {Morello}, C. and {Mostaf{\'a}}, M. and
         {Moura}, C.~A. and {Muller}, M.~A. and {M{\"u}ller}, G. and
         {M{\"u}nchmeyer}, M. and {Mussa}, R. and {Navarra}, G. and {Navas}, S. and
         {Necesal}, P. and {Nellen}, L. and {Nelles}, A. and {Neuser}, J. and
         {Niechciol}, M. and {Niemietz}, L. and {Niggemann}, T. and {Nitz}, D. and
         {Nosek}, D. and {Novotny}, V. and {No{\v{z}}ka}, L. and {Ochilo}, L. and
         {Olinto}, A. and {Oliveira}, M. and {Pacheco}, N. and
         {Pakk Selmi-Dei}, D. and {Palatka}, M. and {Pallotta}, J. and
         {Palmieri}, N. and {Papenbreer}, P. and {Parente}, G. and {Parra}, A. and
         {Paul}, T. and {Pech}, M. and {P{\k{e}}kala}, J. and {Pelayo}, R. and
         {Pepe}, I.~M. and {Perrone}, L. and {Pesce}, R. and {Petermann}, E. and
         {Peters}, C. and {Petrera}, S. and {Petrolini}, A. and {Petrov}, Y. and
         {Phuntsok}, J. and {Piegaia}, R. and {Pierog}, T. and {Pieroni}, P. and
         {Pimenta}, M. and {Pirronello}, V. and {Platino}, M. and {Plum}, M. and
         {Porcelli}, A. and {Porowski}, C. and {Prado}, R.~R. and
         {Privitera}, P. and {Prouza}, M. and {Purrello}, V. and {Quel}, E.~J. and
         {Querchfeld}, S. and {Quinn}, S. and {Rautenberg}, J. and {Ravel}, O. and
         {Ravignani}, D. and {Revenu}, B. and {Ridky}, J. and {Riggi}, S. and
         {Risse}, M. and {Ristori}, P. and {Rizi}, V. and {Roberts}, J. and
         {Rodrigues de Carvalho}, W. and {Rodriguez Cabo}, I. and
         {Rodriguez Fernandez}, G. and {Rodriguez Rojo}, J. and
         {Rodr{\'\i}guez-Fr{\'\i}as}, M.~D. and {Ros}, G. and {Rosado}, J. and
         {Rossler}, T. and {Roth}, M. and {Roulet}, E. and {Rovero}, A.~C. and
         {Saffi}, S.~J. and {Saftoiu}, A. and {Salamida}, F. and {Salazar}, H. and
         {Saleh}, A. and {Salesa Greus}, F. and {Salina}, G. and
         {S{\'a}nchez}, F. and {Sanchez-Lucas}, P. and {Santo}, C.~E. and
         {Santos}, E. and {Santos}, E.~M. and {Sarazin}, F. and {Sarkar}, B. and
         {Sarmento}, R. and {Sato}, R. and {Scharf}, N. and {Scherini}, V. and
         {Schieler}, H. and {Schiffer}, P. and {Scholten}, O. and
         {Schoorlemmer}, H. and {Schov{\'a}nek}, P. and {Schulz}, A. and
         {Schulz}, J. and {Schumacher}, J. and {Sciutto}, S.~J. and
         {Segreto}, A. and {Settimo}, M. and {Shadkam}, A. and
         {Shellard}, R.~C. and {Sidelnik}, I. and {Sigl}, G. and {Sima}, O. and
         {{\'S}mia{\l}kowski}, A. and {{\v{S}}m{\'\i}da}, R. and {Snow}, G.~R. and
         {Sommers}, P. and {Sorokin}, J. and {Squartini}, R. and
         {Srivastava}, Y.~N. and {Stani{\v{c}}}, S. and {Stapleton}, J. and
         {Stasielak}, J. and {Stephan}, M. and {Stutz}, A. and {Suarez}, F. and
         {Suomij{\"a}rvi}, T. and {Supanitsky}, A.~D. and {Sutherland}, M.~S. and
         {Swain}, J. and {Szadkowski}, Z. and {Szuba}, M. and {Taborda}, O.~A. and
         {Tapia}, A. and {Tartare}, M. and {Theodoro}, V.~M. and
         {Timmermans}, C. and {Todero Peixoto}, C.~J. and {Toma}, G. and
         {Tomankova}, L. and {Tom{\'e}}, B. and {Tonachini}, A. and
         {Torralba Elipe}, G. and {Torres Machado}, D. and {Travnicek}, P. and
         {Trovato}, E. and {Tueros}, M. and {Ulrich}, R. and {Unger}, M. and
         {Urban}, M. and {Vald{\'e}s Galicia}, J.~F. and {Vali{\~n}o}, I. and
         {Valore}, L. and {van Aar}, G. and {van den Berg}, A.~M. and
         {van Velzen}, S. and {van Vliet}, A. and {Varela}, E. and
         {Vargas C{\'a}rdenas}, B. and {Varner}, G. and {V{\'a}zquez}, J.~R. and
         {V{\'a}zquez}, R.~A. and {Veberi{\v{c}}}, D. and {Verzi}, V. and
         {Vicha}, J. and {Videla}, M. and {Villase{\~n}or}, L. and {Vlcek}, B. and
         {Vorobiov}, S. and {Wahlberg}, H. and {Wainberg}, O. and {Walz}, D. and
         {Watson}, A.~A. and {Weber}, M. and {Weidenhaupt}, K. and {Weindl}, A. and
         {Werner}, F. and {Widom}, A. and {Wiencke}, L. and
         {Wilczy{\'n}ska}, B. and {Wilczy{\'n}ski}, H. and {Will}, M. and
         {Williams}, C. and {Winchen}, T. and {Wittkowski}, D. and
         {Wundheiler}, B. and {Wykes}, S. and {Yamamoto}, T. and {Yapici}, T. and
         {Younk}, P. and {Yuan}, G. and {Yushkov}, A. and {Zamorano}, B. and
         {Zas}, E. and {Zavrtanik}, D. and {Zavrtanik}, M. and {Zaw}, I. and
         {Zepeda}, A. and {Zhou}, J. and {Zhu}, Y. and {Zimbres Silva}, M. and
         {Ziolkowski}, M. and {Pierre Auger Collaboration} and {Abbasi}, R.~U. and
         {Abe}, M. and {Abu-Zayyad}, T. and {Allen}, M. and {Anderson}, R. and
         {Azuma}, R. and {Barcikowski}, E. and {Belz}, J.~W. and
         {Bergman}, D.~R. and {Blake}, S.~A. and {Cady}, R. and {Chae}, M.~J. and
         {Cheon}, B.~G. and {Chiba}, J. and {Chikawa}, M. and {Cho}, W.~R. and
         {Fujii}, T. and {Fukushima}, M. and {Goto}, T. and {Hanlon}, W. and
         {Hayashi}, Y. and {Hayashida}, N. and {Hibino}, K. and {Honda}, K. and
         {Ikeda}, D. and {Inoue}, N. and {Ishii}, T. and {Ishimori}, R. and
         {Ito}, H. and {Ivanov}, D. and {Jui}, C.~C.~H. and {Kadota}, K. and
         {Kakimoto}, F. and {Kalashev}, O. and {Kasahara}, K. and {Kawai}, H. and
         {Kawakami}, S. and {Kawana}, S. and {Kawata}, K. and {Kido}, E. and
         {Kim}, H.~B. and {Kim}, J.~H. and {Kim}, J.~H. and {Kitamura}, S. and
         {Kitamura}, Y. and {Kuzmin}, V. and {Kwon}, Y.~J. and {Lan}, J. and
         {Lim}, S.~I. and {Lundquist}, J.~P. and {Machida}, K. and
         {Martens}, K. and {Matsuda}, T. and {Matsuyama}, T. and
         {Matthews}, J.~N. and {Minamino}, M. and {Mukai}, K. and {Myers}, I. and
         {Nagasawa}, K. and {Nagataki}, S. and {Nakamura}, T. and {Nonaka}, T. and
         {Nozato}, A. and {Ogio}, S. and {Ogura}, J. and {Ohnishi}, M. and
         {Ohoka}, H. and {Oki}, K. and {Okuda}, T. and {Ono}, M. and
         {Oshima}, A. and {Ozawa}, S. and {Park}, I.~H. and {Pshirkov}, M.~S. and
         {Rodriguez}, D.~C. and {Rubtsov}, G. and {Ryu}, D. and {Sagawa}, H. and
         {Sakurai}, N. and {Sampson}, A.~L. and {Scott}, L.~M. and
         {Shah}, P.~D. and {Shibata}, F. and {Shibata}, T. and {Shimodaira}, H. and
         {Shin}, B.~K. and {Smith}, J.~D. and {Sokolsky}, P. and
         {Springer}, R.~W. and {Stokes}, B.~T. and {Stratton}, S.~R. and
         {Stroman}, T.~A. and {Suzawa}, T. and {Takamura}, M. and {Takeda}, M. and
         {Takeishi}, R. and {Taketa}, A. and {Takita}, M. and {Tameda}, Y. and
         {Tanaka}, H. and {Tanaka}, K. and {Tanaka}, M. and {Thomas}, S.~B. and
         {Thomson}, G.~B. and {Tinyakov}, P. and {Tkachev}, I. and {Tokuno}, H. and
         {Tomida}, T. and {Troitsky}, S. and {Tsunesada}, Y. and {Tsutsumi}, K. and
         {Uchihori}, Y. and {Udo}, S. and {Urban}, F. and {Vasiloff}, G. and
         {Wong}, T. and {Yamane}, R. and {Yamaoka}, H. and {Yamazaki}, K. and
         {Yang}, J. and {Yashiro}, K. and {Yoneda}, Y. and {Yoshida}, S. and
         {Yoshii}, H. and {Zollinger}, R. and {Zundel}, Z. and
         {Telescope Array Collaboration}},
        title = "{Searches for Large-scale Anisotropy in the Arrival Directions of Cosmic Rays Detected above Energy of {}10$^{19}$ eV at the Pierre Auger Observatory and the Telescope Array}",
      journal = {Astrophysical Journal},
     keywords = {astroparticle physics, cosmic rays, Astrophysics - High Energy Astrophysical Phenomena, Astrophysics - Instrumentation and Methods for Astrophysics},
         year = "2014",
        month = 10,
       volume = {794},
          eid = {172},
        pages = {172},
          doi = {10.1088/0004-637X/794/2/172},
archivePrefix = {arXiv},
       eprint = {1409.3128},
 primaryClass = {astro-ph.HE},
  note        = {The error in the title of this was published as such.}
}

@article{bess_proton,
       author = {{Sanuki}, T. and {Motoki}, M. and {Matsumoto}, H. and {Seo}, E.~S. and
         {Wang}, J.~Z. and {Abe}, K. and {Anraku}, K. and {Asaoka}, Y. and
         {Fujikawa}, M. and {Imori}, M. and {Maeno}, T. and {Makida}, Y. and
         {Matsui}, N. and {Matsunaga}, H. and {Mitchell}, J. and {Mitsui}, T. and
         {Moiseev}, A. and {Nishimura}, J. and {Nozaki}, M. and {Orito}, S. and
         {Ormes}, J. and {Saeki}, T. and {Sasaki}, M. and {Shikaze}, Y. and
         {Sonoda}, T. and {Streitmatter}, R. and {Suzuki}, J. and {Tanaka}, K. and
         {Ueda}, I. and {Yajima}, N. and {Yamagami}, T. and {Yamamoto}, A. and
         {Yoshida}, T. and {Yoshimura}, K.},
        title = "{Precise Measurement of Cosmic-Ray Proton and Helium Spectra with the BESS Spectrometer}",
      journal = {Astrophysical Journal},
     keywords = {ISM: Cosmic Rays, Elementary Particles, Astrophysics},
         year = "2000",
        month = Dec,
       volume = {545},
       number = {2},
        pages = {1135-1142},
          doi = {10.1086/317873},
archivePrefix = {arXiv},
       eprint = {astro-ph/0002481},
 primaryClass = {astro-ph},
       adsurl = {https://ui.adsabs.harvard.edu/abs/2000ApJ...545.1135S},
      adsnote = {Provided by the SAO/NASA Astrophysics Data System}
}


@article{fermi_electrons_1,
       author = {{Ackermann}, M. and {Ajello}, M. and {Atwood}, W.~B. and {Baldini}, L. and
         {Ballet}, J. and {Barbiellini}, G. and {Bastieri}, D. and
         {Baughman}, B.~M. and {Bechtol}, K. and {Bellardi}, F. and
         {Bellazzini}, R. and {Belli}, F. and {Berenji}, B. and {Bland
        ford}, R.~D. and {Bloom}, E.~D. and {Bogart}, J.~R. and {Bonamente}, E. and
         {Borgland}, A.~W. and {Brandt}, T.~J. and {Bregeon}, J. and {Brez}, A. and
         {Brigida}, M. and {Bruel}, P. and {Buehler}, R. and {Burnett}, T.~H. and
         {Busetto}, G. and {Buson}, S. and {Caliandro}, G.~A. and
         {Cameron}, R.~A. and {Caraveo}, P.~A. and {Carlson}, P. and
         {Carrigan}, S. and {Casandjian}, J.~M. and {Ceccanti}, M. and
         {Cecchi}, C. and {{\c{C}}elik}, {\"O}. and {Charles}, E. and
         {Chekhtman}, A. and {Cheung}, C.~C. and {Chiang}, J. and
         {Cillis}, A.~N. and {Ciprini}, S. and {Claus}, R. and
         {Cohen-Tanugi}, J. and {Conrad}, J. and {Corbet}, R. and {Deklotz}, M. and
         {Dermer}, C.~D. and {de Angelis}, A. and {de Palma}, F. and
         {Digel}, S.~W. and {di Bernardo}, G. and {Do Couto E Silva}, E. and
         {Drell}, P.~S. and {Drlica-Wagner}, A. and {Dubois}, R. and
         {Fabiani}, D. and {Favuzzi}, C. and {Fegan}, S.~J. and {Fortin}, P. and
         {Fukazawa}, Y. and {Funk}, S. and {Fusco}, P. and {Gaggero}, D. and
         {Gargano}, F. and {Gasparrini}, D. and {Gehrels}, N. and {Germani}, S. and
         {Giglietto}, N. and {Giommi}, P. and {Giordano}, F. and
         {Giroletti}, M. and {Glanzman}, T. and {Godfrey}, G. and {Grasso}, D. and
         {Grenier}, I.~A. and {Grondin}, M. -H. and {Grove}, J.~E. and
         {Guiriec}, S. and {Gustafsson}, M. and {Hadasch}, D. and
         {Harding}, A.~K. and {Hayashida}, M. and {Hays}, E. and {Horan}, D. and
         {Hughes}, R.~E. and {J{\'o}hannesson}, G. and {Johnson}, A.~S. and
         {Johnson}, R.~P. and {Johnson}, W.~N. and {Kamae}, T. and
         {Katagiri}, H. and {Kataoka}, J. and {Kerr}, M. and
         {Kn{\"o}dlseder}, J. and {Kuss}, M. and {Lande}, J. and
         {Latronico}, L. and {Lemoine-Goumard}, M. and {Llena Garde}, M. and
         {Longo}, F. and {Loparco}, F. and {Lott}, B. and {Lovellette}, M.~N. and
         {Lubrano}, P. and {Makeev}, A. and {Mazziotta}, M.~N. and
         {McEnery}, J.~E. and {Mehault}, J. and {Michelson}, P.~F. and
         {Minuti}, M. and {Mitthumsiri}, W. and {Mizuno}, T. and
         {Moiseev}, A.~A. and {Monte}, C. and {Monzani}, M.~E. and
         {Moretti}, E. and {Morselli}, A. and {Moskalenko}, I.~V. and
         {Murgia}, S. and {Nakamori}, T. and {Naumann-Godo}, M. and
         {Nolan}, P.~L. and {Norris}, J.~P. and {Nuss}, E. and {Ohsugi}, T. and
         {Okumura}, A. and {Omodei}, N. and {Orlando}, E. and {Ormes}, J.~F. and
         {Ozaki}, M. and {Paneque}, D. and {Panetta}, J.~H. and {Parent}, D. and
         {Pelassa}, V. and {Pepe}, M. and {Pesce-Rollins}, M. and
         {Petrosian}, V. and {Pinchera}, M. and {Piron}, F. and {Porter}, T.~A. and
         {Profumo}, S. and {Rain{\`o}}, S. and {Rando}, R. and {Rapposelli}, E. and
         {Razzano}, M. and {Reimer}, A. and {Reimer}, O. and {Reposeur}, T. and
         {Ripken}, J. and {Ritz}, S. and {Rochester}, L.~S. and {Romani}, R.~W. and
         {Roth}, M. and {Sadrozinski}, H.~F. -W. and {Saggini}, N. and
         {Sanchez}, D. and {Sander}, A. and {Sgr{\`o}}, C. and {Siskind}, E.~J. and
         {Smith}, P.~D. and {Spandre}, G. and {Spinelli}, P. and
         {Stawarz}, {\L}. and {Stephens}, T.~E. and {Strickman}, M.~S. and
         {Strong}, A.~W. and {Suson}, D.~J. and {Tajima}, H. and
         {Takahashi}, H. and {Takahashi}, T. and {Tanaka}, T. and
         {Thayer}, J.~B. and {Thayer}, J.~G. and {Thompson}, D.~J. and
         {Tibaldo}, L. and {Tibolla}, O. and {Torres}, D.~F. and {Tosti}, G. and
         {Tramacere}, A. and {Turri}, M. and {Uchiyama}, Y. and {Usher}, T.~L. and
         {Vandenbroucke}, J. and {Vasileiou}, V. and {Vilchez}, N. and
         {Vitale}, V. and {Waite}, A.~P. and {Wallace}, E. and {Wang}, P. and
         {Winer}, B.~L. and {Wood}, K.~S. and {Yang}, Z. and {Ylinen}, T. and
         {Ziegler}, M.},
        title = "{Fermi LAT observations of cosmic-ray electrons from 7 GeV to 1 TeV}",
      journal = {Physical Review D},
     keywords = {96.50.sb, 95.35.+d, 95.85.Ry, 98.70.Sa, Composition energy spectra and interactions, Dark matter, Neutrino muon pion and other elementary particles, cosmic rays, Cosmic rays, Astrophysics - High Energy Astrophysical Phenomena, High Energy Physics - Experiment, High Energy Physics - Phenomenology},
         year = "2010",
        month = Nov,
       volume = {82},
       number = {9},
collaboration = {Fermi},
          eid = {092004},
        pages = {092004},
          doi = {10.1103/PhysRevD.82.092004},
archivePrefix = {arXiv},
       eprint = {1008.3999},
 primaryClass = {astro-ph.HE},
       adsurl = {https://ui.adsabs.harvard.edu/abs/2010PhRvD..82i2004A},
      adsnote = {Provided by the SAO/NASA Astrophysics Data System}
}

@article{fermi_electrons_2,
  title = {Measurement of the Cosmic Ray ${e}^{+}+{e}^{\ensuremath{-}}$ Spectrum from 20 GeV to 1 TeV with the Fermi Large Area Telescope},
  author = {Abdo, A. A. and Ackermann, M. and Ajello, M. and Atwood, W. B. and Axelsson, M. and Baldini, L. and Ballet, J. and Barbiellini, G. and Bastieri, D. and Battelino, M. and Baughman, B. M. and Bechtol, K. and Bellazzini, R. and Berenji, B. and Blandford, R. D. and Bloom, E. D. and Bogaert, G. and Bonamente, E. and Borgland, A. W. and Bregeon, J. and Brez, A. and Brigida, M. and Bruel, P. and Burnett, T. H. and Caliandro, G. A. and Cameron, R. A. and Caraveo, P. A. and Carlson, P. and Casandjian, J. M. and Cecchi, C. and Charles, E. and Chekhtman, A. and Cheung, C. C. and Chiang, J. and Ciprini, S. and Claus, R. and Cohen-Tanugi, J. and Cominsky, L. R. and Conrad, J. and Cutini, S. and Dermer, C. D. and de Angelis, A. and de Palma, F. and Digel, S. W. and Di Bernardo, G. and do Couto e Silva, E. and Drell, P. S. and Dubois, R. and Dumora, D. and Edmonds, Y. and Farnier, C. and Favuzzi, C. and Focke, W. B. and Frailis, M. and Fukazawa, Y. and Funk, S. and Fusco, P. and Gaggero, D. and Gargano, F. and Gasparrini, D. and Gehrels, N. and Germani, S. and Giebels, B. and Giglietto, N. and Giordano, F. and Glanzman, T. and Godfrey, G. and Grasso, D. and Grenier, I. A. and Grondin, M.-H. and Grove, J. E. and Guillemot, L. and Guiriec, S. and Hanabata, Y. and Harding, A. K. and Hartman, R. C. and Hayashida, M. and Hays, E. and Hughes, R. E. and J\'ohannesson, G. and Johnson, A. S. and Johnson, R. P. and Johnson, W. N. and Kamae, T. and Katagiri, H. and Kataoka, J. and Kawai, N. and Kerr, M. and Kn\"odlseder, J. and Kocevski, D. and Kuehn, F. and Kuss, M. and Lande, J. and Latronico, L. and Lemoine-Goumard, M. and Longo, F. and Loparco, F. and Lott, B. and Lovellette, M. N. and Lubrano, P. and Madejski, G. M. and Makeev, A. and Massai, M. M. and Mazziotta, M. N. and McConville, W. and McEnery, J. E. and Meurer, C. and Michelson, P. F. and Mitthumsiri, W. and Mizuno, T. and Moiseev, A. A. and Monte, C. and Monzani, M. E. and Moretti, E. and Morselli, A. and Moskalenko, I. V. and Murgia, S. and Nolan, P. L. and Norris, J. P. and Nuss, E. and Ohsugi, T. and Omodei, N. and Orlando, E. and Ormes, J. F. and Ozaki, M. and Paneque, D. and Panetta, J. H. and Parent, D. and Pelassa, V. and Pepe, M. and Pesce-Rollins, M. and Piron, F. and Pohl, M. and Porter, T. A. and Profumo, S. and Rain\`o, S. and Rando, R. and Razzano, M. and Reimer, A. and Reimer, O. and Reposeur, T. and Ritz, S. and Rochester, L. S. and Rodriguez, A. Y. and Romani, R. W. and Roth, M. and Ryde, F. and Sadrozinski, H. F.-W. and Sanchez, D. and Sander, A. and Saz Parkinson, P. M. and Scargle, J. D. and Schalk, T. L. and Sellerholm, A. and Sgr\`o, C. and Smith, D. A. and Smith, P. D. and Spandre, G. and Spinelli, P. and Starck, J.-L. and Stephens, T. E. and Strickman, M. S. and Strong, A. W. and Suson, D. J. and Tajima, H. and Takahashi, H. and Takahashi, T. and Tanaka, T. and Thayer, J. B. and Thayer, J. G. and Thompson, D. J. and Tibaldo, L. and Tibolla, O. and Torres, D. F. and Tosti, G. and Tramacere, A. and Uchiyama, Y. and Usher, T. L. and Van Etten, A. and Vasileiou, V. and Vilchez, N. and Vitale, V. and Waite, A. P. and Wallace, E. and Wang, P. and Winer, B. L. and Wood, K. S. and Ylinen, T. and Ziegler, M.},
  collaboration = {Fermi LAT},
  journal = {Physical Review Letters},
  volume = {102},
  issue = {18},
collaboration = {Fermi},
  pages = {181101},
  numpages = {6},
  year = {2009},
  month = May,
  publisher = {American Physical Society},
  doi = {10.1103/PhysRevLett.102.181101},
}


@article{magic_theta_1,
      author         = "Acciari, V. A. and others",
      title          = "{Deep observations of the globular cluster M15 with the
                        MAGIC telescopes}",
      collaboration  = "MAGIC",
      journal        = "{Monthly Notices of the Royal Astronomical Society}",
      volume         = "484",
      year           = "2019",
      number         = "2",
      pages          = "2876-2885",
      doi            = "10.1093/mnras/stz179",
      eprint         = "1901.04367",
      archivePrefix  = "arXiv",
      primaryClass   = "astro-ph.HE",
}

@article{magic_theta_2,
      author         = "Acciari, V. A. and others",
      title          = "{A Fast Very High Energy $\gamma$-ray Flare from BL
                        Lacertae during a Period of Multiwavelength activity in
                        June 2015}",
      collaboration  = "MAGIC",
      journal        = "Astronomy \& Astrophysics.",
      volume         = "623",
      year           = "2019",
      pages          = "A175",
      doi            = "10.1051/0004-6361/201834010",
      eprint         = "1901.01733",
      archivePrefix  = "arXiv",
      primaryClass   = "astro-ph.HE",
}



%-------------------------------
%-------------------------------
%-------------------------------
@ARTICLE{explorer,
   author = {{Kraushaar}, W. and {Clark}, G.~W. and {Garmire}, G. and {Helmken}, H. and 
	{Higbie}, P. and {Agogino}, M.},
    title = "{Explorer XI Experiment on Cosmic Gamma Rays.}",
  journal = {Astrophysical Journal},
     year = 1965,
    month = apr,
   volume = 141,
    pages = {845},
      doi = {10.1086/148179},
   adsurl = {http://adsabs.harvard.edu/abs/1965ApJ...141..845K},
  adsnote = {Provided by the SAO/NASA Astrophysics Data System}
}


@ARTICLE{vela,
       author = {{Klebesadel}, Ray W. and {Strong}, Ian B. and {Olson}, Roy A.},
        title = "{Observations of Gamma-Ray Bursts of Cosmic Origin}",
      journal = {Astrophysical Journal},
         year = "1973",
        month = 6,
       volume = {182},
        pages = {L85},
          doi = {10.1086/181225},
       adsurl = {https://ui.adsabs.harvard.edu/\#abs/1973ApJ...182L..85K},
      adsnote = {Provided by the SAO/NASA Astrophysics Data System}
}



@article{4fgl,
       author = {{Atwood}, W.~B. and {Abdo}, A.~A. and others},
collaboration = {Fermi},
        title = "{Fermi Large Area Telescope Fourth Source Catalog}",
      journal = {arXiv e-prints},
     keywords = {Astrophysics - High Energy Astrophysical Phenomena},
         year = "2019",
        month = 2,
archivePrefix = {arXiv},
       eprint = {1902.10045},
 primaryClass = {astro-ph.HE},
 note={Preliminary catalog publication. No journal publication yet.}
}





@ARTICLE{fermi_gbm,
       author = {{Meegan}, Charles and {Lichti}, Giselher and {Bhat}, P.~N. and
         {Bissaldi}, Elisabetta and {Briggs}, Michael S. and
         {Connaughton}, Valerie and {Diehl}, Roland and {Fishman}, Gerald and
         {Greiner}, Jochen and {Hoover}, Andrew S. and {van der Horst}, Alexander J. and {von Kienlin}, Andreas and {Kippen}, R. Marc and
         {Kouveliotou}, Chryssa and {McBreen}, Sheila and {Paciesas}, W.~S. and
         {Preece}, Robert and {Steinle}, Helmut and {Wallace}, Mark S. and
         {Wilson}, Robert B. and {Wilson-Hodge}, Colleen},
        title = "{The Fermi Gamma-ray Burst Monitor}",
      journal = {Astrophysical Journal},
     keywords = {gamma rays: bursts, instrumentation: detectors, Astrophysics - Instrumentation and Methods for Astrophysics},
         year = "2009",
collaboration = {Fermi GBM},
        month = Sep,
       volume = {702},
        pages = {791-804},
          doi = {10.1088/0004-637X/702/1/791},
archivePrefix = {arXiv},
       eprint = {0908.0450},
 primaryClass = {astro-ph.IM},
       adsurl = {https://ui.adsabs.harvard.edu/\#abs/2009ApJ...702..791M},
      adsnote = {Provided by the SAO/NASA Astrophysics Data System}
}


@ARTICLE{fermi_lat,
       author = {{Atwood}, W.~B. and {Abdo}, A.~A. and {Ackermann}, M. and
         {Althouse}, W. and {Anderson}, B. and {Axelsson}, M. and {Baldini}, L. and
         {Ballet}, J. and {Band}, D.~L. and {Barbiellini}, G. and {Bartelt}, J. and
         {Bastieri}, D. and {Baughman}, B.~M. and {Bechtol}, K. and
         {B{\'e}d{\'e}r{\`e}de}, D. and {Bellardi}, F. and {Bellazzini}, R. and
         {Berenji}, B. and {Bignami}, G.~F. and {Bisello}, D. and
         {Bissaldi}, E. and {Blandford}, R.~D. and {Bloom}, E.~D. and
         {Bogart}, J.~R. and {Bonamente}, E. and {Bonnell}, J. and {Borgland}, A.~W. and {Bouvier}, A. and {Bregeon}, J. and {Brez}, A. and
         {Brigida}, M. and {Bruel}, P. and {Burnett}, T.~H. and {Busetto}, G. and
         {Caliandro}, G.~A. and {Cameron}, R.~A. and {Caraveo}, P.~A. and
         {Carius}, S. and {Carlson}, P. and {Casandjian}, J.~M. and
         {Cavazzuti}, E. and {Ceccanti}, M. and {Cecchi}, C. and {Charles}, E. and
         {Chekhtman}, A. and {Cheung}, C.~C. and {Chiang}, J. and {Chipaux}, R. and
         {Cillis}, A.~N. and {Ciprini}, S. and {Claus}, R. and
         {Cohen-Tanugi}, J. and {Condamoor}, S. and {Conrad}, J. and
         {Corbet}, R. and {Corucci}, L. and {Costamante}, L. and {Cutini}, S. and
         {Davis}, D.~S. and {Decotigny}, D. and {DeKlotz}, M. and
         {Dermer}, C.~D. and {de Angelis}, A. and {Digel}, S.~W. and
         {do Couto e Silva}, E. and {Drell}, P.~S. and {Dubois}, R. and
         {Dumora}, D. and {Edmonds}, Y. and {Fabiani}, D. and {Farnier}, C. and
         {Favuzzi}, C. and {Flath}, D.~L. and {Fleury}, P. and {Focke}, W.~B. and
         {Funk}, S. and {Fusco}, P. and {Gargano}, F. and {Gasparrini}, D. and
         {Gehrels}, N. and {Gentit}, F. -X. and {Germani}, S. and {Giebels}, B. and
         {Giglietto}, N. and {Giommi}, P. and {Giordano}, F. and {Glanzman}, T. and
         {Godfrey}, G. and {Grenier}, I.~A. and {Grondin}, M. -H. and
         {Grove}, J.~E. and {Guillemot}, L. and {Guiriec}, S. and {Haller}, G. and
         {Harding}, A.~K. and {Hart}, P.~A. and {Hays}, E. and {Healey}, S.~E. and
         {Hirayama}, M. and {Hjalmarsdotter}, L. and {Horn}, R. and
         {Hughes}, R.~E. and {J{\'o}hannesson}, G. and {Johansson}, G. and
         {Johnson}, A.~S. and {Johnson}, R.~P. and {Johnson}, T.~J. and
         {Johnson}, W.~N. and {Kamae}, T. and {Katagiri}, H. and {Kataoka}, J. and
         {Kavelaars}, A. and {Kawai}, N. and {Kelly}, H. and {Kerr}, M. and
         {Klamra}, W. and {Kn{\"o}dlseder}, J. and {Kocian}, M.~L. and
         {Komin}, N. and {Kuehn}, F. and {Kuss}, M. and {Landriu}, D. and
         {Latronico}, L. and {Lee}, B. and {Lee}, S. -H. and
         {Lemoine-Goumard}, M. and {Lionetto}, A.~M. and {Longo}, F. and
         {Loparco}, F. and {Lott}, B. and {Lovellette}, M.~N. and {Lubrano}, P. and
         {Madejski}, G.~M. and {Makeev}, A. and {Marangelli}, B. and
         {Massai}, M.~M. and {Mazziotta}, M.~N. and {McEnery}, J.~E. and
         {Menon}, N. and {Meurer}, C. and {Michelson}, P.~F. and {Minuti}, M. and
         {Mirizzi}, N. and {Mitthumsiri}, W. and {Mizuno}, T. and
         {Moiseev}, A.~A. and {Monte}, C. and {Monzani}, M.~E. and
         {Moretti}, E. and {Morselli}, A. and {Moskalenko}, I.~V. and
         {Murgia}, S. and {Nakamori}, T. and {Nishino}, S. and {Nolan}, P.~L. and
         {Norris}, J.~P. and {Nuss}, E. and {Ohno}, M. and {Ohsugi}, T. and
         {Omodei}, N. and {Orlando}, E. and {Ormes}, J.~F. and
         {Paccagnella}, A. and {Paneque}, D. and {Panetta}, J.~H. and
         {Parent}, D. and {Pearce}, M. and {Pepe}, M. and {Perazzo}, A. and
         {Pesce-Rollins}, M. and {Picozza}, P. and {Pieri}, L. and
         {Pinchera}, M. and {Piron}, F. and {Porter}, T.~A. and {Poupard}, L. and
         {Rain{\`o}}, S. and {Rando}, R. and {Rapposelli}, E. and {Razzano}, M. and
         {Reimer}, A. and {Reimer}, O. and {Reposeur}, T. and {Reyes}, L.~C. and
         {Ritz}, S. and {Rochester}, L.~S. and {Rodriguez}, A.~Y. and
         {Romani}, R.~W. and {Roth}, M. and {Russell}, J.~J. and {Ryde}, F. and
         {Sabatini}, S. and {Sadrozinski}, H.~F. -W. and {Sanchez}, D. and {Sander}, A. and {Sapozhnikov}, L. and {Parkinson}, P.~M. Saz and
         {Scargle}, J.~D. and {Schalk}, T.~L. and {Scolieri}, G. and
         {Sgr{\`o}}, C. and {Share}, G.~H. and {Shaw}, M. and {Shimokawabe}, T. and
         {Shrader}, C. and {Sierpowska-Bartosik}, A. and {Siskind}, E.~J. and
         {Smith}, D.~A. and {Smith}, P.~D. and {Spandre}, G. and {Spinelli}, P. and
         {Starck}, J. -L. and {Stephens}, T.~E. and {Strickman}, M.~S. and
         {Strong}, A.~W. and {Suson}, D.~J. and {Tajima}, H. and
         {Takahashi}, H. and {Takahashi}, T. and {Tanaka}, T. and {Tenze}, A. and
         {Tether}, S. and {Thayer}, J.~B. and {Thayer}, J.~G. and
         {Thompson}, D.~J. and {Tibaldo}, L. and {Tibolla}, O. and
         {Torres}, D.~F. and {Tosti}, G. and {Tramacere}, A. and {Turri}, M. and
         {Usher}, T.~L. and {Vilchez}, N. and {Vitale}, V. and {Wang}, P. and
         {Watters}, K. and {Winer}, B.~L. and {Wood}, K.~S. and {Ylinen}, T. and
         {Ziegler}, M.},
        title = "{The Large Area Telescope on the Fermi Gamma-Ray Space Telescope Mission}",
      journal = {Astrophysical Journal},
     keywords = {cosmic rays, galaxies: active, Galaxy: general, gamma rays: observations, Sun: X-rays, gamma rays, telescopes, Astrophysics - Instrumentation and Methods for Astrophysics, Astrophysics - High Energy Astrophysical Phenomena},
         year = "2009",
        month = 6,
collaboration = {Fermi},
       volume = {697},
        pages = {1071-1102},
          doi = {10.1088/0004-637X/697/2/1071},
archivePrefix = {arXiv},
       eprint = {0902.1089},
 primaryClass = {astro-ph.IM},
       adsurl = {https://ui.adsabs.harvard.edu/\#abs/2009ApJ...697.1071A},
      adsnote = {Provided by the SAO/NASA Astrophysics Data System}
}



@Book{Bringhurst12,
  title     = {The Elements of Typographic Style},
  publisher = {Hartley \& Marks Publishers},
  year      = {2012},
  author    = {Robert Bringhurst},
  address   = {Vancouver, British Columbia, Canada},
  edition   = {4},
}

@Book{Tufte01,
  title     = {The visual display of quantitative information},
  publisher = {Graphics Press},
  year      = {2001},
  author    = {Edward R. Tufte},
  address   = {Chesh\-ire, CT, USA},
  edition   = {2},
}

@Book{Tufte90,
  title     = {Envisioning information},
  publisher = {Graphics Press},
  year      = {1990},
  author    = {Tufte, Edward R.},
  address   = {Chesh\-ire, CT, USA},
}

@article{cern_big_dada,
  author={Oliver Gutsche and Matteo Cremonesi and Peter Elmer and Bo Jayatilaka and Jim Kowalkowski and Jim Pivarski and Saba
Sehrish and Cristina Mantilla Surez and Alexey Svyatkovskiy and Nhan Tran},
  title={Big Data in HEP: A comprehensive use case study},
  journal={Journal of Physics: Conference Series},
  volume={898},
  url={http://stacks.iop.org/1742-6596/898/i=7/a=072012},
  year={2017}
}

@article{tensorflow-prob,
  author    = {Joshua V. Dillon and
               Ian Langmore and
               Dustin Tran and
               Eugene Brevdo and
               Srinivas Vasudevan and
               Dave Moore and
               Brian Patton and
               Alex Alemi and
               Matthew D. Hoffman and
               Rif A. Saurous},
  title     = {TensorFlow Distributions},
  journal   = {CoRR},
  year      = {2017},
  archivePrefix = {arXiv},
  eprint    = {1711.10604},
  timestamp = {Mon, 13 Aug 2018 16:48:50 +0200},
  biburl    = {https://dblp.org/rec/bib/journals/corr/abs-1711-10604},
  bibsource = {dblp computer science bibliography, https://dblp.org}
}

@article{levenberg,
  doi = {10.1090/qam/10666},
  year = {1944},
  month = jul,
  publisher = {American Mathematical Society ({AMS})},
  volume = {2},
  number = {2},
  pages = {164--168},
  author = {Kenneth Levenberg},
  title = {A method for the solution of certain non-linear problems in least squares},
  journal = {Quarterly of Applied Mathematics}
}

@misc{tensorflow,
title={ {TensorFlow}: Large-Scale Machine Learning on Heterogeneous Systems},
url={https://www.tensorflow.org/},
author={
    Mart\'{\i}n~Abadi and
    Ashish~Agarwal and
    Paul~Barham and
    Eugene~Brevdo and
    Zhifeng~Chen and
    Craig~Citro and
    Greg~S.~Corrado and
    Andy~Davis and
    Jeffrey~Dean and
    Matthieu~Devin and
    Sanjay~Ghemawat and
    Ian~Goodfellow and
    Andrew~Harp and
    Geoffrey~Irving and
    Michael~Isard and
    Yangqing Jia and
    Rafal~Jozefowicz and
    Lukasz~Kaiser and
    Manjunath~Kudlur and
    Josh~Levenberg and
    Dandelion~Man\'{e} and
    Rajat~Monga and
    Sherry~Moore and
    Derek~Murray and
    Chris~Olah and
    Mike~Schuster and
    Jonathon~Shlens and
    Benoit~Steiner and
    Ilya~Sutskever and
    Kunal~Talwar and
    Paul~Tucker and
    Vincent~Vanhoucke and
    Vijay~Vasudevan and
    Fernanda~Vi\'{e}gas and
    Oriol~Vinyals and
    Pete~Warden and
    Martin~Wattenberg and
    Martin~Wicke and
    Yuan~Yu and
    Xiaoqiang~Zheng},
  year={2015},
}

@article{cuda,
  author = {Nickolls, John and Buck, Ian and Garland, Michael and Skadron, Kevin},
  title = {Scalable Parallel Programming with CUDA},
  journal = {Queue -- GPU Computing},
  volume = {6},
  number = {2},
  month = mar,
  year = {2008},
  issn = {1542-7730},
  pages = {40--53},
  numpages = {14},
  doi = {10.1145/1365490.1365500},
  publisher = {ACM},
  address = {New York, NY, USA},
} 

@article{pymc,
  title={Probabilistic programming in Python using PyMC3},
  author={Salvatier, John and Wiecki, Thomas V and Fonnesbeck, Christopher},
  journal={PeerJ Computer Science},
  volume={2},
  year={2016},
  publisher={PeerJ Inc.},
  doi = {10.7717/peerj-cs.55},
}

@Article{matplotlib,
  Author    = {Hunter, J. D.},
  Title     = {Matplotlib: A 2D graphics environment},
  Journal   = {Computing in Science \& Engineering},
  Volume    = {9},
  Number    = {3},
  Pages     = {90--95},
  publisher = {IEEE COMPUTER SOC},
  doi       = {10.1109/MCSE.2007.55},
  year      = 2007,
}

@article{astropy_2013,
Adsnote = {Provided by the SAO/NASA Astrophysics Data System},
Adsurl = {http://adsabs.harvard.edu/abs/2013A%26A...558A..33A},
Archiveprefix = {arXiv},
Author = {{Astropy Collaboration} and {Robitaille}, T.~P. and {Tollerud}, E.~J. and {Greenfield}, P. and {Droettboom}, M. and {Bray}, E. and {Aldcroft}, T. and {Davis}, M. and {Ginsburg}, A. and {Price-Whelan}, A.~M. and {Kerzendorf}, W.~E. and {Conley}, A. and {Crighton}, N. and {Barbary}, K. and {Muna}, D. and {Ferguson}, H. and {Grollier}, F. and {Parikh}, M.~M. and {Nair}, P.~H. and {Unther}, H.~M. and {Deil}, C. and {Woillez}, J. and {Conseil}, S. and {Kramer}, R. and {Turner}, J.~E.~H. and {Singer}, L. and {Fox}, R. and {Weaver}, B.~A. and {Zabalza}, V. and {Edwards}, Z.~I. and {Azalee Bostroem}, K. and {Burke}, D.~J. and {Casey}, A.~R. and {Crawford}, S.~M. and {Dencheva}, N. and {Ely}, J. and {Jenness}, T. and {Labrie}, K. and {Lim}, P.~L. and {Pierfederici}, F. and {Pontzen}, A. and {Ptak}, A. and {Refsdal}, B. and {Servillat}, M. and {Streicher}, O.},
Doi = {10.1051/0004-6361/201322068},
Eid = {A33},
Eprint = {1307.6212},
Journal = {Astronomy \& Astrophysics},
Keywords = {methods: data analysis, methods: miscellaneous, virtual observatory tools},
Month = oct,
Pages = {A33},
Primaryclass = {astro-ph.IM},
Title = {{Astropy: A community Python package for astronomy}},
Volume = 558,
Year = 2013,
}

@article{astropy_2018,
Adsnote = {Provided by the SAO/NASA Astrophysics Data System},
Adsurl = {https://ui.adsabs.harvard.edu/#abs/2018AJ....156..123T},
Author = {{Price-Whelan}, A.~M. and {Sip{\H{o}}cz}, B.~M. and {G{\"u}nther}, H.~M. and {Lim}, P.~L. and {Crawford}, S.~M. and {Conseil}, S. and {Shupe}, D.~L. and {Craig}, M.~W. and {Dencheva}, N. and {Ginsburg}, A. and {VanderPlas}, J.~T. and {Bradley}, L.~D. and {P{\'e}rez-Su{\'a}rez}, D. and {de Val-Borro}, M. and {Paper Contributors}, (Primary and {Aldcroft}, T.~L. and {Cruz}, K.~L. and {Robitaille}, T.~P. and {Tollerud}, E.~J. and {Coordination Committee}, (Astropy and {Ardelean}, C. and {Babej}, T. and {Bach}, Y.~P. and {Bachetti}, M. and {Bakanov}, A.~V. and {Bamford}, S.~P. and {Barentsen}, G. and {Barmby}, P. and {Baumbach}, A. and {Berry}, K.~L. and {Biscani}, F. and {Boquien}, M. and {Bostroem}, K.~A. and {Bouma}, L.~G. and {Brammer}, G.~B. and {Bray}, E.~M. and {Breytenbach}, H. and {Buddelmeijer}, H. and {Burke}, D.~J. and {Calderone}, G. and {Cano Rodr{\'\i}guez}, J.~L. and {Cara}, M. and {Cardoso}, J.~V.~M. and {Cheedella}, S. and {Copin}, Y. and {Corrales}, L. and {Crichton}, D. and {D{\textquoteright}Avella}, D. and {Deil}, C. and {Depagne}, {\'E}. and {Dietrich}, J.~P. and {Donath}, A. and {Droettboom}, M. and {Earl}, N. and {Erben}, T. and {Fabbro}, S. and {Ferreira}, L.~A. and {Finethy}, T. and {Fox}, R.~T. and {Garrison}, L.~H. and {Gibbons}, S.~L.~J. and {Goldstein}, D.~A. and {Gommers}, R. and {Greco}, J.~P. and {Greenfield}, P. and {Groener}, A.~M. and {Grollier}, F. and {Hagen}, A. and {Hirst}, P. and {Homeier}, D. and {Horton}, A.~J. and {Hosseinzadeh}, G. and {Hu}, L. and {Hunkeler}, J.~S. and {Ivezi{\'c}}, {\v{Z}}. and {Jain}, A. and {Jenness}, T. and {Kanarek}, G. and {Kendrew}, S. and {Kern}, N.~S. and {Kerzendorf}, W.~E. and {Khvalko}, A. and {King}, J. and {Kirkby}, D. and {Kulkarni}, A.~M. and {Kumar}, A. and {Lee}, A. and {Lenz}, D. and {Littlefair}, S.~P. and {Ma}, Z. and {Macleod}, D.~M. and {Mastropietro}, M. and {McCully}, C. and {Montagnac}, S. and {Morris}, B.~M. and {Mueller}, M. and {Mumford}, S.~J. and {Muna}, D. and {Murphy}, N.~A. and {Nelson}, S. and {Nguyen}, G.~H. and {Ninan}, J.~P. and {N{\"o}the}, M. and {Ogaz}, S. and {Oh}, S. and {Parejko}, J.~K. and {Parley}, N. and {Pascual}, S. and {Patil}, R. and {Patil}, A.~A. and {Plunkett}, A.~L. and {Prochaska}, J.~X. and {Rastogi}, T. and {Reddy Janga}, V. and {Sabater}, J. and {Sakurikar}, P. and {Seifert}, M. and {Sherbert}, L.~E. and {Sherwood-Taylor}, H. and {Shih}, A.~Y. and {Sick}, J. and {Silbiger}, M.~T. and {Singanamalla}, S. and {Singer}, L.~P. and {Sladen}, P.~H. and {Sooley}, K.~A. and {Sornarajah}, S. and {Streicher}, O. and {Teuben}, P. and {Thomas}, S.~W. and {Tremblay}, G.~R. and {Turner}, J.~E.~H. and {Terr{\'o}n}, V. and {van Kerkwijk}, M.~H. and {de la Vega}, A. and {Watkins}, L.~L. and {Weaver}, B.~A. and {Whitmore}, J.~B. and {Woillez}, J. and {Zabalza}, V. and {Contributors}, (Astropy},
Doi = {10.3847/1538-3881/aabc4f},
Eid = {123},
Journal = {The Astrophysical Journal},
Keywords = {methods: data analysis, methods: miscellaneous, methods: statistical, reference systems, Astrophysics - Instrumentation and Methods for Astrophysics},
Month = Sep,
Pages = {123},
Primaryclass = {astro-ph.IM},
Title = {{The Astropy Project: Building an Open-science Project and Status of the v2.0 Core Package}},
Volume = {156},
Year = 2018,
}

@article{hadop_cern,
	doi = {10.1088/1742-6596/898/7/072034},
	year = 2017,
	month = {10},
	publisher = {{IOP} Publishing},
	volume = {898},
	pages = {072034},
	author = {D Duellmann and K Surdy and L Menichetti and R Toebbicke},
	title = {Hadoop and friends - first experience at {CERN} with a new platform for high throughput analysis steps},
	journal = {Journal of Physics: Conference Series},
}

@article{spark,
 author = {Zaharia, Matei and Xin, Reynold S. and Wendell, Patrick and Das, Tathagata and Armbrust, Michael and Dave, Ankur and Meng, Xiangrui and Rosen, Josh and Venkataraman, Shivaram and Franklin, Michael J. and Ghodsi, Ali and Gonzalez, Joseph and Shenker, Scott and Stoica, Ion},
 title = {Apache Spark: A Unified Engine for Big Data Processing},
 journal = {Communications of the ACM},
 issue_date = {November 2016},
 volume = {59},
 number = {11},
 month = oct,
 year = {2016},
 issn = {0001-0782},
 pages = {56--65},
 numpages = {10},
  doi = {10.1145/2934664},
 acmid = {2934664},
 publisher = {ACM},
 address = {New York, NY, USA},
} 

@inproceedings{heron,
 author = {Kulkarni, Sanjeev and Bhagat, Nikunj and Fu, Maosong and Kedigehalli, Vikas and Kellogg, Christopher and Mittal, Sailesh and Patel, Jignesh M. and Ramasamy, Karthik and Taneja, Siddarth},
 title = {Twitter Heron: Stream Processing at Scale},
 booktitle = {Proceedings of the 2015 ACM SIGMOD International Conference on Management of Data},
 series = {SIGMOD '15},
 year = {2015},
 isbn = {978-1-4503-2758-9},
 location = {Melbourne, Victoria, Australia},
 pages = {239--250},
 numpages = {12},
 doi = {10.1145/2723372.2742788},
 publisher = {ACM},
 address = {New York, NY, USA},
} 

@inproceedings{storm,
 author = {Toshniwal, Ankit and Taneja, Siddarth and Shukla, Amit and Ramasamy, Karthik and Patel, Jignesh M. and Kulkarni, Sanjeev and Jackson, Jason and Gade, Krishna and Fu, Maosong and Donham, Jake and Bhagat, Nikunj and Mittal, Sailesh and Ryaboy, Dmitriy},
 title = {Storm@Twitter},
 booktitle = {Proceedings of the 2014 ACM SIGMOD International Conference on Management of Data},
 series = {SIGMOD '14},
 year = {2014},
 isbn = {978-1-4503-2376-5},
 location = {Snowbird, Utah, USA},
 pages = {147--156},
 numpages = {10},
 doi = {10.1145/2588555.2595641},
 acmid = {2595641},
 publisher = {ACM},
 address = {New York, NY, USA},
} 

@article{flink,
  title={Apache Flink™: Stream and Batch Processing in a Single Engine},
  author={Paris Carbone and Asterios Katsifodimos and Stephan Ewen and Volker Markl and Seif Haridi and Kostas Tzoumas},
  journal={Bulletin of the IEEE Computer Society Technical Committee on Data Engineering},
  year={2015},
  volume={38},
  pages={28-38}
}

@book{make,
 author = {Stallman, Richard M. and McGrath, Roland and Smith, Paul D.},
 title = {GNU Make: A Program for Directing Recompilation, for Version 3.81},
 year = {2004},
 isbn = {978-1-882114-83-2},
 publisher = {Free Software Foundation},
} 

@inproceedings{gephi,
  author = {Mathieu Bastian and Sebastien Heymann and Mathieu Jacomy},
  title = {Gephi: An Open Source Software for Exploring and Manipulating Networks},
  booktitle = {Proceedings of the International AAAI Conference on Weblogs and Social Media},
  series ={ICWSM 2009},
  location = {San Jose, California, USA},
  year = {2009},
  doi = {10.13140/2.1.1341.1520},
}

@article{snakemake,
    author = {Köster, Johannes and Rahmann, Sven},
    title = "{Snakemake. A Scalable Bioinformatics Workflow Engine}",
    journal = {Bioinformatics},
    volume = {28},
    number = {19},
    pages = {2520-2522},
    year = {2012},
    month = {08},
    issn = {1367-4803},
    doi = {10.1093/bioinformatics/bts480},
    url = {https://doi.org/10.1093/bioinformatics/bts480},
}


@online{cta_website,
   title = {CTA Observatory Website},
   author = {{CTA Project Office}},
   organization = {CTA Obervatory gGmbH},
   address = {Saupfercheckweg 1, 69117 Heidelberg, Germany},
   year = {2019},
   url = {https://www.cta-observatory.org/},
   note = {IRF data can be downloaded at \url{https://www.cta-observatory.org/science/cta-performance/}  // Current cost estimates are listed at \url{https://www.cta-observatory.org/project/industry/}}
 } 

@inproceedings{rta_adass,
      author = {{Br{\"u}gge}, Kai and {Egorov}, Alexey and {Bockermann}, Christian and
        {Morik}, Katharina and {Rhode}, Wolfgang},
      title = "{Distributed Real-Time Data Stream Analysis for CTA}",
      booktitle = {Proceedings of the 27\thraised conference on Astronomical Data Analysis Software \& Systems},
      series = {ADASS XXVII},
    keywords = {Astrophysics - Instrumentation and Methods for Astrophysics},
        year = "2018",
      month = {9},
archivePrefix = {arXiv},
       eprint = {1809.00581},
 primaryClass = {astro-ph.IM},
 note = {Proceedings to be published. Preprint published with permission.},
}


@online{blender,
   title = {Blender - a 3D modelling and rendering package},
   author = {{Blender Online Community}},
   organization = {Blender Foundation},
   address = {Stichting Blender Foundation, Amsterdam},
   year = {2019},
   url = {http://www.blender.org},
 } 

@inproceedings{eventdisplay,
      author         = "Maier, Gernot and Holder, Jamie",
      title          = "{Eventdisplay: An Analysis and Reconstruction Package for
                        Ground-based Gamma-ray Astronomy}",
      booktitle      = "{Proceedings of the 35\thraised International Cosmic Ray Conference}",
      series         = "ICRC 2017",
      year           = "2018",
      pages          = "747",
      doi            = "10.22323/1.301.0747",
      eprint         = "1708.04048",
      archivePrefix  = "arXiv",
}


@inproceedings{torch,
  title={Automatic Differentiation in {PyTorch}},
  author={Paszke, Adam and Gross, Sam and Chintala, Soumith and Chanan, Gregory and Yang, Edward and DeVito, Zachary and Lin, Zeming and Desmaison, Alban and Antiga, Luca and Lerer, Adam},
  booktitle={Autodiff Workshop at the 31st Conference on Neural Information Processing Systems},
  series = {NIPS 2017},
  location = {Long Beach, CA, USA},
  year={2017}
}

@InProceedings{ pandas,
  author    = { Wes McKinney },
  title     = { Data Structures for Statistical Computing in Python },
  booktitle = { Proceedings of the 9th Python in Science Conference },
  pages     = { 51 - 56 },
  year      = { 2010 },
}


@inproceedings{calibration1,
  author = {Zadrozny, Bianca and Elkan, Charles},
  title = {Obtaining Calibrated Probability Estimates from Decision Trees and Naive Bayesian Classifiers},
  booktitle = {Proceedings of the Eighteenth International Conference on Machine Learning},
  series = {ICML '01},
  year = {2001},
  isbn = {1-55860-778-1},
  pages = {609--616},
  numpages = {8},
  url = {http://dl.acm.org/citation.cfm?id=645530.655658},
  acmid = {655658},
} 

@inproceedings{calibration2,
 author = {Niculescu-Mizil, Alexandru and Caruana, Rich},
 title = {Predicting Good Probabilities with Supervised Learning},
 booktitle = {Proceedings of the 22\nd International Conference on Machine Learning},
 series = {ICML '05},
 year = {2005},
 isbn = {1-59593-180-5},
 location = {Bonn, Germany},
 pages = {625--632},
 numpages = {8},
 doi = {10.1145/1102351.1102430},
 acmid = {1102430},
 publisher = {ACM},
 address = {New York, NY, USA},
} 

@Article{roc_auc_bad,
  author="Hand, David J.",
  title="Measuring classifier performance: a coherent alternative to the area under the ROC curve",
  journal="Machine Learning",
  year="2009",
  month={10},
  day="01",
  volume="77",
  number="1",
  pages="103--123",
  doi="10.1007/s10994-009-5119-5",
}



@article{nuts,
  title={The No-U-turn sampler: adaptively setting path lengths in Hamiltonian Monte Carlo.},
  author={Hoffman, Matthew and Gelman, Andrew},
  journal={Journal of Machine Learning Research},
  volume={15},
  number={1},
  pages={1593--1623},
  year={2014},
  url={http://www.jmlr.org/papers/volume15/hoffman14a/hoffman14a.pdf}
}

@article{emcee,
       author = {{Foreman-Mackey}, Daniel and {Hogg}, David W. and {Lang}, Dustin and
         {Goodman}, Jonathan},
        title = "{emcee: The MCMC Hammer}",
      journal = {Publications of the Astronomical Society of the Pacific},
     keywords = {Astrophysics - Instrumentation and Methods for Astrophysics, Physics - Computational Physics, Statistics - Computation},
         year = "2013",
        month = 3,
       volume = {125},
       number = {925},
        pages = {306},
          doi = {10.1086/670067},
archivePrefix = {arXiv},
       eprint = {1202.3665},
 primaryClass = {astro-ph.IM},
       adsurl = {https://ui.adsabs.harvard.edu/abs/2013PASP..125..306F},
      adsnote = {Provided by the SAO/NASA Astrophysics Data System}
}

@online{hdf5,
    author = {{The HDF Group}},
    title = "{Hierarchical Data Format, version 5}",
    year = {2019},
    url = {http://www.hdfgroup.org/HDF5/}
}
@online{yaml,
    author = {Ben-Kiki, Oren and Evans, Clark and Net, Ingy },
    title = "{YAML Specification v1.2}",
    year = {2019},
    url = {https://yaml.org/spec/1.2/spec.html}
}


@techreport{corsika,
    title       = "{CORSIKA: A Monte Carlo code to simulate extensive air showers}",
    institution = {Karlsruhe Institute of Technology, Department of Nuclear Physics},
    author      = "Heck, D. and Knapp, J. and Capdevielle, J. N. and Schatz, G. and Thouw, T.",
    year        = {1998},
}

@techreport{cta_irf_report,
    title       = "{Description of CTA Instrument Response Functions}",
    organization = {CTA Consortium},
    author   = "Maier, G. and Bregeon, J. and Cumani, P. C. and Bernlöhr, K. and Hassan, T. and Moralejo, A.",
    year   = {2017},
    url = {https://forge.in2p3.fr/projects/cta_analysis-and-simulations/repository/show/DOC/InternalReports/IRFReports/released},
    note = {This internal CTA report is not accessible to the general public.}
}

@techreport{cta_benchmarks,
    title       = "{Discussions about a CTA Benchmark}",
    organization = {CTA Consortium},
    author   = "Maier, G. and Bregeon, J. and Hassan, T. and Moralejo, A. and others",
    year   = {2019},
    url = {https://forge.in2p3.fr/projects/benchmarks-reference-analysis/wiki},
    note = {There is no official document yet. One is being drafted by the CTA ASWG. The link above can only be accessed by CTA members. }
}


@article{corsika8,
  author="Engel, Ralph and Heck, Dieter and Huege, Tim and Pierog, Tanguy and Reininghaus, Maximilian and Riehn, Felix and Ulrich, Ralf and Unger, Michael and Veberic, Darko",
  title="{Towards A Next Generation of CORSIKA: A Framework for the Simulation of Particle Cascades in Astroparticle Physics}",
  journal="Computing and Software for Big Science",
  year="2018",
  month=Dec,
  day="18",
  volume="3",
  number="1",
  pages="2",
  issn="2510-2044",
  doi="10.1007/s41781-018-0013-0",
}



@article{simtel,
  title = "Simulation of imaging atmospheric Cherenkov telescopes with CORSIKA and sim\_telarray",
  journal = "Astroparticle Physics",
  volume = "30",
  number = "3",
  pages = "149 - 158",
  year = "2008",
  doi = "10.1016/j.astropartphys.2008.07.009",
  author = "Konrad Bernlöhr",
}

@misc{numpy,
  author =    {Travis Oliphant},
  title =     {{NumPy}: A guide to {NumPy}},
  year =      {2006},
  howpublished = {USA: Trelgol Publishing},
  url = "http://www.numpy.org/",
 }


@report{fits,
    title       = "Definition of the Flexible Image Transport System",
    url         = "https://fits.gsfc.nasa.gov/fits_standard.html",
    institution = {NASA},
    author      = "{The IAU FITS Working Group}",
    year        = {2018},
}

@article{fits_1981,
       author = {{Wells}, D.~C. and {Greisen}, E.~W. and {Harten}, R.~H.},
        title = "{FITS - a Flexible Image Transport System}",
      journal = {Astronomy \& Astrophysics Supplement},
         year = "1981",
        month = Jun,
       volume = {44},
        pages = {363},
}

@inproceedings{magic_mars,
       author = {{Moralejo}, A. and {Gaug}, M. and {Carmona}, E. and {Colin}, P. and
         {Delgado}, C. and {Lombardi}, S. and {Mazin}, D. and {Scalzotto}, V. and
         {Sitarek}, J. and {Tescaro}, D. and {for the MAGIC collaboration}},
        title = "{MARS, the MAGIC Analysis and Reconstruction Software}",
     keywords = {Astrophysics - Instrumentation and Methods for Astrophysics, Astrophysics - High Energy Astrophysical Phenomena},
         year = "2009",
collaboration  = "MAGIC",
        month = Jul,
   booktitle = {Proceedings of the 31\st International Cosmic Ray Conference},
   series = {ICRC 2009},
archivePrefix = {arXiv},
       eprint = {0907.0943},
 primaryClass = {astro-ph.IM},
}

@article{gammapy,
       author = {{Deil}, C. and {Zanin}, R. and {Lefaucheur}, J. and {Boisson}, C. and
         {Khelifi}, B. and {Terrier}, R. and {Wood}, M. and {Mohrmann}, L. and
         {Chakraborty}, N. and {Watson}, J. and {Lopez-Coto}, R. and
         {Klepser}, S. and {Cerruti}, M. and {Lenain}, J.~P. and {Acero}, F. and
         {Djannati-Ata{\"\i}}, A. and {Pita}, S. and {Bosnjak}, Z. and
         {Trichard}, C. and {Vuillaume}, T. and {Donath}, A. and
         {King}, J. and {Jouvin}, L. and {Owen}, E. and
         {Sipocz}, B. and {Lennarz}, D. and {Voruganti}, A. and
         {Spir-Jacob}, M. and {Ruiz}, J. Enrique and {Arribas}, M. Paz},
        title = "{Gammapy - A prototype for the CTA science tools}",
      journal = {International Cosmic Ray Conference},
     keywords = {Astrophysics - Instrumentation and Methods for Astrophysics},
         year = "2017",
        month = Jan,
       volume = {301},
        pages = {766},
archivePrefix = {arXiv},
       eprint = {1709.01751},
       doi = {323/1.301.0766},
 primaryClass = {astro-ph.IM},
}

@article{rootcern,
       author = {{Brun}, Rene and {Rademakers}, Fons},
        title = "{ROOT {\textemdash} An object oriented data analysis framework}",
      journal = {Nuclear Instruments and Methods in Physics Research A},
         year = "1997",
        month = Feb,
       volume = {389},
       number = {1},
        pages = {81-86},
          doi = {10.1016/S0168-9002(97)00048-X},
}


@article{fits_bintable,
       author = {{Cotton}, W.~D. and {Tody}, D. and {Pence}, W.~D.},
        title = "{Binary table extension to FITS.}",
      journal = {Astronomy \& Astrophysics Supplement},
     keywords = {TECHNIQUES: MISCELLANEOUS, IMAGE PROCESSING},
         year = "1995",
        month = Oct,
       volume = {113},
        pages = {159},
}

@online{oga_docs,
       author = {{Deil}, Christoph and {Boisson}, Catherine and {Kosack}, Karl and
         {Perkins}, Jeremy and {King}, Johannes and {Eger}, Peter and
         {Mayer}, Michael and {Wood}, Matthew and {Zabalza}, Victor and
         {Kn{\"o}dlseder}, J{\"u}rgen and {Hassan}, Tarek and {Mohrmann}, Lars and
         {Ziegler}, Alexander and {Khelifi}, Bruno and {Dorner}, Daniela and
         {Maier}, Gernot and {Pedaletti}, Giovanna and {Rosado}, Jaime and
         {Contreras}, Jos{\'e} Luis and {Lefaucheur}, Julien and
         {Brügge}, Kai and {Servillat}, Mathieu and {Terrier}, R{\'e}gis and
         {Walter}, Roland and {Lombardi}, Saverio},
        title = "{Data formats for gamma-ray astronomy}",
        urldate = {2019-05-14},
        year = {2019},
        url = {https://gamma-astro-data-formats.readthedocs.io/en/latest/},
}

@inproceedings{open_gamma_proceeding,
       author = {{Deil}, Christoph and {Boisson}, Catherine and {Kosack}, Karl and
         {Perkins}, Jeremy and {King}, Johannes and {Eger}, Peter and
         {Mayer}, Michael and {Wood}, Matthew and {Zabalza}, Victor and
         {Kn{\"o}dlseder}, J{\"u}rgen and {Hassan}, Tarek and {Mohrmann}, Lars and
         {Ziegler}, Alexander and {Khelifi}, Bruno and {Dorner}, Daniela and
         {Maier}, Gernot and {Pedaletti}, Giovanna and {Rosado}, Jaime and
         {Contreras}, Jos{\'e} Luis and {Lefaucheur}, Julien and
         {Br{\"u}gge}, Kai and {Servillat}, Mathieu and {Terrier}, R{\'e}gis and
         {Walter}, Roland and {Lombardi}, Saverio},
        title = "{Open high-level data formats and software for gamma-ray astronomy}",
     keywords = {Astrophysics - Instrumentation and Methods for Astrophysics, Astrophysics - High Energy Astrophysical Phenomena},
    booktitle = {6th International Symposium on High Energy Gamma-Ray Astronomy},
         year = "2017",
       series = {American Institute of Physics Conference Series},
       volume = {1792},
        month = Jan,
          eid = {070006},
        pages = {070006},
          doi = {10.1063/1.4969003},
archivePrefix = {arXiv},
       eprint = {1610.01884},
 primaryClass = {astro-ph.IM},
       adsurl = {https://ui.adsabs.harvard.edu/abs/2017AIPC.1792g0006D},
      adsnote = {Provided by the SAO/NASA Astrophysics Data System}
}

@article{backprop,
  author="Linnainmaa, Seppo",
  title="Taylor expansion of the accumulated rounding error",
  journal="BIT Numerical Mathematics",
  year="1976",
  month=Jun,
  day="01",
  volume="16",
  number="2",
  pages="146--160",
  abstract="The article describes analytic and algorithmic methods for determining the coefficients of the Taylor expansion of an accumulated rounding error with respect to the local rounding errors, and hence determining the influence of the local errors on the accumulated error. Second and higher order coefficients are also discussed, and some possible methods of reducing the extensive storage requirements are analyzed.",
  issn="1572-9125",
  doi="10.1007/BF01931367",
}

@article{inverse_image_ieee,
  title={Solving inverse problems with piecewise linear estimators: From Gaussian mixture models to structured sparsity},
  author={Yu, Guoshen and Sapiro, Guillermo and Mallat, St{\'e}phane},
  journal={IEEE Transactions on Image Processing},
  volume={21},
  number={5},
  pages={2481--2499},
  year={2011},
  publisher={IEEE}
}

@article{inverse_net_1,
  title={Deep convolutional neural network for inverse problems in imaging},
  author={Jin, Kyong Hwan and McCann, Michael T and Froustey, Emmanuel and Unser, Michael},
  journal={IEEE Transactions on Image Processing},
  volume={26},
  number={9},
  pages={4509--4522},
  year={2017},
  publisher={IEEE},
  doi = {10.1109/TIP.2017.2713099},
}
@article{inverse_net_2,
  author = {Hu Chen and Yi Zhang and Weihua Zhang and Peixi Liao and Ke Li and Jiliu Zhou and Ge Wang},
  journal = {Biomed. Opt. Express},
  number = {2},
  pages = {679--694},
  publisher = {OSA},
  title = {Low-dose CT via convolutional neural network},
  volume = {8},
  month = Feb,
  year = {2017},
  doi = {10.1364/BOE.8.000679},
}

@article{inverse_net_3,
  title={Solving ill-posed inverse problems using iterative deep neural networks},
  author={Adler, Jonas and {\"O}ktem, Ozan},
  journal={Inverse Problems},
  volume={33},
  number={12},
  pages={124007},
  year={2017},
  doi = {10.1088/1361-6420/aa9581},
  publisher={IOP Publishing}
}




@inproceedings{bunse_inverse,
  author = {Bunse, Mirko and Piatkowski, Nico and Ruhe, Tim and Rhode, Wolfgang and Morik, Katharina},
  title = {Unification of Deconvolution Algorithms for Cherenkov Astronomy},
  booktitle = {5th International Conference on Data Science and Advanced Analytics (DSAA)},
  year = {2018},
  pages = {21--30},
  organization={IEEE},
  note = {To be published.}
}


@article{benning_inverse_review,
  title={Modern regularization methods for inverse problems},
  author={Benning, Martin and Burger, Martin},
  journal={Acta Numerica},
  volume={27},
  pages={1--111},
  year={2018},
  publisher={Cambridge University Press},
  doi = {10.1017/S0962492918000016},
}


@article{em_algorithm,
  title={Maximum likelihood from incomplete data via the EM algorithm},
  author={Dempster, Arthur P and Laird, Nan M and Rubin, Donald B},
  journal={Journal of the Royal Statistical Society: Series B (Methodological)},
  volume={39},
  number={1},
  pages={1--22},
  year={1977},
  publisher={Wiley Online Library},
}



@ARTICLE{ad_survey,
       author = {{Gunes Baydin}, Atilim and {Pearlmutter}, Barak A. and
         {Andreyevich Radul}, Alexey and {Siskind}, Jeffrey Mark},
        title = "{Automatic differentiation in machine learning: a survey}",
      journal = {Journal of Machine Learning Research},
     keywords = {Computer Science - Symbolic Computation, Computer Science - Machine Learning, Statistics - Machine Learning, 68W30, 65D25, 68T05, G.1.4, I.2.6},
         year = "2015",
        month = Feb,
        volume = {18},
        number = {1},
        month = jan,
        year = {2017},
        issn = {1532-4435},
        pages = {5595--5637},
        numpages = {43},
       eprint = {1502.05767},
       primaryClass = "cs.SC",
       archivePrefix = {arXiv},
}



@article{theano,
   author = {{Theano Development Team}},
    title = "{Theano: A {Python} framework for fast computation of mathematical expressions}",
  journal = {arXiv e-prints},
   volume = {abs/1605.02688},
 primaryClass = "cs.SC",
 keywords = {Computer Science - Symbolic Computation, Computer Science - Learning, Computer Science - Mathematical Software},
     year = 2016,
    month = may,
      url = {http://arxiv.org/abs/1605.02688},
}

@inproceedings{naima,
   author = {{Zabalza}, V.},
    title = {naima: a Python package for inference of relativistic particle
             energy distributions from observed nonthermal spectra},
     year = 2015,
booktitle      = "{Proceedings of the 34\thraised International Cosmic Ray Conference}",
  series={ICRC 2015},
    pages = "922",
  archivePrefix = {arXiv},
   eprint = {1509.03319},
   adsurl = {http://adsabs.harvard.edu/abs/2015arXiv150903319Z},
}

@Article{extratrees,
  author="Geurts, Pierre
  and Ernst, Damien
  and Wehenkel, Louis",
  title="Extremely randomized trees",
  journal="Machine Learning",
  year="2006",
  month=Apr,
  day="01",
  volume="63",
  number="1",
  pages="3--42",
  issn="1573-0565",
  doi="10.1007/s10994-006-6226-1",
}


@article{scipy,
  title={Python for scientific computing},
  author={Oliphant, Travis E},
  journal={Computing in Science \& Engineering},
  volume={9},
  number={3},
  pages={10--20},
  year={2007},
  publisher={IEEE}
}


@article{sklearn,
 title={Scikit-learn: Machine Learning in {P}ython},
 author={Pedregosa, F. and Varoquaux, G. and Gramfort, A. and Michel, V.
         and Thirion, B. and Grisel, O. and Blondel, M. and Prettenhofer, P.
         and Weiss, R. and Dubourg, V. and Vanderplas, J. and Passos, A. and
         Cournapeau, D. and Brucher, M. and Perrot, M. and Duchesnay, E.},
 journal={Journal of Machine Learning Research},
 archivePrefix = {arXiv},
 eprint    = {1201.0490},
 volume={12},
 pages={2825--2830},
 year={2011}
}

%------------ stats and ML -----
%-------------------------------
%-------------------------------
%-------------------------------

@book{markov_mixing_levin,
  title={Markov chains and mixing times},
  author={Levin, David A and Peres, Yuval},
  volume={107},
  year={2017},
  publisher={American Mathematical Society},
  doi = {10.1090/mbk/107},
}

@book{profile_ll,
  title={Ecological models and data in R},
  author={Bolker, Benjamin M},
  year={2008},
  publisher={Princeton University Press},
  doi={10.2307/j.ctvcm4g37},
}

@book{integral_table,
  title={Table of integrals, series, and products},
  author={Gradshteyn, Izrail Solomonovich and Ryzhik, Iosif Moiseevich},
  year={2007},
  isbn={0-12-373637-4},
  publisher={Academic press},
  edition={7}
}

@article{wilk,
  author = "Wilks, S. S.",
  doi = "10.1214/aoms/1177732360",
  journal = "The Annals of Mathematical Statistics",
  month = "03",
  number = "1",
  pages = "60--62",
  publisher = "The Institute of Mathematical Statistics",
  title = "The Large-Sample Distribution of the Likelihood Ratio for Testing Composite Hypotheses",
  volume = "9",
  year = "1938"
}

@article{lima_dalibor,
title = "On Bayesian analysis of on–off measurements",
journal = "Nuclear Instruments and Methods in Physics Research Section A: Accelerators, Spectrometers, Detectors and Associated Equipment",
volume = "820",
pages = "23 - 33",
year = "2016",
issn = "0168-9002",
doi = "10.1016/j.nima.2016.02.094",
author = "Dalibor Nosek and Jana Nosková",
keywords = "Bayesian inference, On–off problem, Source detection, Gamma-ray astronomy",
}

@inproceedings{lima_ahnen,
      author         = "Ahnen, Max Ludwig",
      title          = "{On the On-Off Problem: An Objective Bayesian Analysis}",
      booktitle      = "{Proceedings of the 34\thraised International Cosmic Ray Conference}",
      series = {ICRC 2015},
      year           = "2016",
      pages          = "701",
      doi            = "10.22323/1.236.0701",
}

@article{lima_casadei,
	doi = {10.1088/0004-637x/798/1/5},
	year = 2014,
	month = {12},
	publisher = {{IOP} Publishing},
	volume = {798},
	number = {1},
	pages = {5},
	author = {Diego Casadei},
	title = {Objective Bayesian Analysis of ON/OFF Measurements},
	journal = {The Astrophysical Journal},
}


%  url={https://books.google.de/books?id=4TlEPgAACAAJ},
@book{stats_degroot,
  title={Probability and Statistics},
  author={DeGroot, M.H. and Schervish, M.J.},
  isbn={978-0-321-50046-5},
  year={2012},
  publisher={Addison-Wesley},
}

@book{stats_devore,
  author = {Devore, Jay L.},
  edition = {8th},
  month = {1},
  publisher = {Brooks/Cole},
  title = {Probability and Statistics for Engineering and the Sciences},
  year = 2011,
  doi={10.1002/9781119047063},
}



@book{hasties,
  address = {New York, NY, USA},
  author = {Hastie, Trevor and Tibshirani, Robert and Friedman, Jerome},
  publisher = {Springer},
  series = {Springer Series in Statistics},
  title = {The Elements of Statistical Learning},
  year = 2009,
  doi={10.1007/978-0-387-84858-7},
  isbn={978-0-387-84858-7},
  edition={2}
}

@online{mllecture,
  author = {Brügge, Kai and Nöthe, Maximilian},
  title = {Statistical Methods: Machine Learning},
  year = 2019,
  url={https://github.com/kbruegge/machine-learning-lecture},
}

@article{vincenty,
  author = {T. Vincenty},
  title = {Direct and Inverse Solutions of Geodesics on the Ellipsoid with Application of Nested Equations},
  journal = {Survey Review},
  volume = {23},
  number = {176},
  pages = {88-93},
  year  = {1975},
  publisher = {Taylor & Francis},
  doi = {10.1179/sre.1975.23.176.88},
}


@techreport{error_tr,
  title={An Introduction To Error Propagation: Derivation, Meaning and Examples of Equation $C_y = F_X C_X F_X^T$},
  author={Kai Oliver Arras},
  institution={École Polytechnique Fédérale de Lausanne},
  year={1998},
  journal={EPFL-ASL-TR-98-01 R3},
  doi={10.3929/ethz-a-010113668}
}


@article{leibniz_rule,
 ISSN = {00029890, 19300972},
 URL = {http://www.jstor.org/stable/2319163},
 author = {Harley Flanders},
 journal = {The American Mathematical Monthly},
 number = {6},
 pages = {615--627},
 publisher = {Mathematical Association of America},
 title = {Differentiation Under the Integral Sign},
 volume = {80},
 year = {1973}
}


@techreport{line_line,
   author = {Traa, Johannes},
    title = {Least-Squares Intersection of Lines},
    url   = {http://cal.cs.illinois.edu/~johannes/research/LS_line_intersect.pdf},
    year  = {2009},
    note  = {Alternative link \url{https://docplayer.net/21072949-Least-squares-intersection-of-lines.html}},
    urldate = {2019-05-16}, 
    institution = {University Illinois at Urbana Champaign}
}

@article{dt_np_complete,
  title = "Constructing optimal binary decision trees is NP-complete",
  journal = "Information Processing Letters",
  volume = "5",
  number = "1",
  pages = "15 - 17",
  year = 1976,
  doi = "10.1016/0020-0190(76)90095-8",
  author = "Laurent Hyafil and Ronald L. Rivest",
}

@article{breiman-bagging,
  title={Bagging predictors},
  author={Breiman, Leo},
  journal={Machine learning},
  volume={24},
  number={2},
  pages={123--140},
  year={1996},
  publisher={Springer},
  doi="10.1023/A:1018054314350",
}

@article{breiman-rf,
  title={Random forests},
  author={Breiman, Leo},
  journal={Machine learning},
  volume={45},
  number={1},
  pages={5--32},
  year={2001},
  publisher={Springer},
  doi="10.1023/A:1010933404324",
}


@article{trapezoidal_babylon,
	author = {Ossendrijver, Mathieu},
	title = {Ancient Babylonian astronomers calculated Jupiter{\textquoteright}s position from the area under a time-velocity graph},
	volume = {351},
	number = {6272},
	pages = {482--484},
	year = {2016},
	doi = {10.1126/science.aad8085},
	publisher = {American Association for the Advancement of Science},
	issn = {0036-8075},
	URL = {https://science.sciencemag.org/content/351/6272/482},
	eprint = {https://science.sciencemag.org/content/351/6272/482.full.pdf},
	journal = {Science}
}


@article{diego,
  author={Diego Casadei},
  title={Objective Bayesian Analysis of "on/off" Measurements},
  journal={The Astrophysical Journal},
  volume={798},
  number={1},
  pages={5},
  url={http://stacks.iop.org/0004-637X/798/i=1/a=5},
  year={2015},
}


@article{lima,
   author = {{Li}, T.-P. and {Ma}, Y.-Q.},
    title = "{Analysis methods for results in gamma-ray astronomy}",
  journal = {Astroparticle Journal},
 keywords = {Gamma Ray Astronomy, Statistical Analysis, Confidence Limits, Maximum Likelihood Estimates, Monte Carlo Method},
     year = 1983,
    month = sep,
   volume = 272,
    pages = {317-324},
      doi = {10.1086/161295},
}


@article{hess_dl,
  title = "Application of deep learning methods to analysis of imaging atmospheric Cherenkov telescopes data",
  journal = "Astroparticle Physics",
  year = {2019},
  month = feb,
  url = {http://www.sciencedirect.com/science/article/pii/S0927650518301178},
  author = "Shilon, I and Kraus, M and Büchele, M and Egberts, K and Fischer, T and Holch, T.L.  and Lohse, T and Schwanke, U. and Steppa, C. and Funk, S.",
}
